2122 3531
1090 296 1156 347 18

331 440 508 500 mota,
564 435 897 502 corpuscula
950 436 1061 489 ista
1111 437 1472 491 attrahuntur
1507 440 1662 513 circa
1707 443 1922 510 apicem

331 536 451 600 ejus
490 535 848 602 colliguntur,
888 536 1076 604 itaque
1112 538 1171 589 in
1209 537 1390 590 fluido
1430 540 1671 608 quodam
1719 542 1921 596 claris-

329 633 470 685 simo
507 635 759 686 natantia
796 640 1086 703 apparent.

475 830 634 894 Quae
688 830 915 899 quidem
988 849 1125 886 vasa
1185 849 1313 888 cum
1377 835 1507 889 istis
1569 836 1628 889 in
1680 836 1927 891 Echino-

331 927 591 999 rhyncho
632 931 875 996 Gigante
912 948 945 984 a
979 931 1198 1000 Bojano
1238 935 1562 1001 delineatiS,
1619 941 1675 989 et
1727 954 1760 990 a
1798 938 1930 990 Clo-

333 1031 525 1097 quetio
565 1028 868 1097 descriptis
917 1031 1128 1083 tubulis
1167 1032 1509 1088 distantibus
1557 1037 1932 1104 comparanda

331 1144 453 1179 esse
490 1127 770 1194 videntur,
810 1145 1045 1196 quorum
1084 1131 1319 1184 alterum
1357 1134 1566 1186 dorsali
1598 1136 1793 1200 latere,
1834 1139 1931 1187 ab·

332 1227 600 1277 dominali
640 1227 874 1279 alterum
913 1232 1181 1296 positum,
1221 1231 1292 1283 ad
1332 1232 1663 1298 digestionis
1701 1251 1934 1302 appara-

331 1330 446 1376 tum
488 1325 958 1378 adnumerandum
997 1345 1116 1381 esse
1155 1331 1528 1398 praedicatur.
1605 1332 1762 1385 Vasa
1799 1351 1935 1386 vero

336 1439 458 1474 esse
497 1429 792 1491 propterea
826 1443 1151 1495 persuasum
1184 1428 1322 1481 mihi
1354 1429 1663 1498 habuerim,
1703 1432 1833 1500 quia
1855 1433 1935 1484 si-

337 1523 453 1573 cuti
510 1524 567 1574 in
615 1523 1093 1595 Echinorhyncho
1139 1533 1337 1580 nostro
1390 1529 1627 1582 fluidum
1683 1532 1938 1599 granulis

339 1621 619 1677 immixtis
655 1624 945 1678 continent
981 1627 1338 1694 pellucidum.

936 1865 1339 1896 ’Φ

637 2107 1074 2222 Syetema
1143 2135 1645 2198 nervosum.

341 2484 589 2570 Tribus
639 2514 700 2567 in
754 2515 1168 2585 exemplaribus
1206 2518 1454 2586 entozoi,
1510 2518 1581 2573 de
1619 2536 1730 2589 quo
1767 2519 1949 2591 loqui-

345 2633 489 2682 mur,
512 2619 754 2685 systema
775 2632 1077 2669 nervosum
1101 2616 1298 2670 videre
1320 2618 1456 2671 mihi
1476 2622 1732 2689 contigit.
1758 2621 1945 2684 Quum

345 2716 493 2766 enim
564 2714 927 2781 microscopii
1001 2730 1107 2782 ope
1176 2716 1437 2770 animalis
1513 2720 1949 2787 magnitudinem

346 2813 716 2882 quinquagies
753 2810 875 2864 fere
922 2811 1302 2877 adauxissem,
1363 2817 1516 2868 filum
1553 2820 1672 2871 vidi
1711 2818 1769 2868 in
1807 2817 1951 2871 infe-

348 2915 501 2966 riore
536 2911 795 2978 corporis
833 2915 992 2979 parte
1027 2913 1286 2982 positum,
1326 2931 1359 2967 a
1395 2917 1583 2984 capite
1619 2916 1752 2969 inde
1772 2934 1948 2986 usque

351 3012 424 3064 ad
462 3011 742 3064 orificium
778 3013 1100 3080 systematis
1135 3013 1398 3079 genitalis
1447 3016 1726 3083 posterius
1764 3015 1949 3084 porri-

348 3126 500 3179 gens.
575 3109 745 3175 Quod
779 3110 1005 3179 quidem
1053 3112 1206 3170 filum
1245 3113 1369 3182 Fig.
1407 3115 1441 3168 9
1479 3114 1812 3170 delineatum
1850 3130 1948 3166 an-
