2122 3531
1100 287 1169 339 14

333 437 571 503 utroque
607 430 753 484 enim
791 430 966 490 latere
1003 427 1112 479 duo
1151 431 1421 496 apparent
1455 426 1725 494 musculi3
1774 430 1926 484 ante-

330 535 466 599 rior,
503 534 664 602 isque
702 533 898 597 major,
939 530 998 581 et
1032 528 1314 597 posterior
1349 528 1548 580 minor.

468 731 599 783 Bini
636 729 882 782 minores
935 729 1081 780 enim
1130 726 1282 794 (Fig.
1320 728 1372 778 1.
1409 727 1485 789 a.)
1538 726 1930 794 proboscidem

327 830 748 900 protrudentes‚
788 828 1099 888 tenuiores,
1153 827 1339 877 minus
1388 825 1449 876 in
1487 825 1774 877 radiorum
1810 826 1928 879 for-

325 947 470 981 mam
507 928 810 981 fasciculos
849 927 1271 995 dispergentes,
1309 925 1379 976 ab
1415 924 1690 976 inferiore
1725 925 1928 992 probo-

327 1029 503 1081 scidis
541 1032 698 1096 parte
735 1026 1010 1092 oriuntur,
1050 1029 1104 1077 et
1141 1041 1316 1092 usque
1352 1023 1425 1076 ad
1461 1023 1789 1076 inferiorem
1829 1040 1927 1091 po-

326 1128 622 1180 steriorem
660 1127 808 1179 disci
849 1130 1061 1194 partem
1100 1128 1520 1192 procurrentes,
1572 1124 1653 1174 ibi
1693 1122 1931 1190 affigun-

323 1229 432 1279 tur.
508 1227 669 1278 Inter
706 1231 1000 1293 utrumque
1039 1225 1345 1276 musculum
1385 1238 1633 1292 organon
1683 1225 1931 1290 positum

325 1329 440 1391 est,
495 1325 642 1393 quod
683 1326 1007 1375 intestinum
1047 1340 1171 1376 esse
1210 1323 1562 1388 existimem,
1620 1323 1675 1373 et
1712 1320 1782 1373 de
1818 1337 1929 1389 quo

323 1440 455 1474 mox
491 1428 682 1491 postea
721 1423 901 1475 fusius
938 1422 1049 1475 erit
1087 1421 1488 1474 disserendum.
1560 1420 1640 1472 At
1689 1424 1930 1489 majores

320 1522 645 1590 proboscidi
684 1521 1054 1573 retrahendae
1090 1521 1419 1586 inserviunt,
1476 1518 1610 1570 inde
1656 1520 1725 1571 ab
1773 1523 1929 1571 ante-

320 1622 470 1672 riore
508 1623 910 1689 superioreque
948 1622 1134 1688 potius
1173 1623 1360 1688 parte,
1402 1618 1611 1670 radiati
1650 1619 1798 1670 latus
1835 1635 1927 1670 ca-

319 1720 457 1787 pitis
494 1721 753 1786 superius
791 1724 988 1788 petunt
1024 1719 1439 1787 fasciculosque
1459 1718 1775 1771 anteriores
1796 1734 1926 1769 con-

318 1835 497 1872 nexos
535 1818 835 1872 ostendunt
874 1819 1022 1887 (Εἰς.
1065 1822 1114 1872 1.
1156 1818 1235 1881 b).

456 2016 717 2085 Utroque
753 2015 813 2068 in
851 2016 1029 2068 latere
1066 2015 1220 2069 inter
1256 2015 1535 2069 musculos
1575 2009 1926 2066 retrahentes

318 2118 373 2167 et
427 2115 829 2183 protrudentes
886 2116 1188 2168 lemniscos
1245 2116 1499 2168 invenies
1552 2115 1699 2179 (Fig.
1740 2118 1788 2174 l,
1829 2112 1922 2178 c.)‚

316 2215 413 2282 qui
471 2216 528 2266 in
585 2214 757 2266 hacce
813 2212 1427 2283 Echinorhynchorum
1491 2213 1684 2279 specie.
1748 2211 1921 2261 multo

323 2315 488 2365 aliam
529 2312 767 2363 sormam
806 2312 1138 2378 ostendunt,
1189 2329 1354 2380 quam
1394 2328 1535 2379 quae
1572 2311 1631 2361 in
1671 2308 1921 2361 Echino-

315 2402 576 2479 rhyncho
617 2411 856 2477 Gigante
902 2427 936 2462 a
985 2411 1129 2463 viris
1177 2410 1563 2462 celeberrimis
1601 2408 1917 2477 Cloqueti0‚

315 2510 704 2565 Westrumbio
743 2513 799 2561 et
833 2508 1052 2577 Boiano
1089 2510 1374 2578 descripta
1410 2511 1515 2560 est.

455 2706 757 2760 Vesiculae
794 2706 941 2759 enim
978 2710 1109 2758 sunt
1139 2707 1195 2757 in
1228 2705 1582 2774 proboscidis
1611 2704 1785 2758 latere
1815 2720 1916 2771 po-

315 2807 488 2874 sitae,
556 2822 700 2875 quae
769 2808 889 2856 tota
943 2804 1313 2873 amplitudine
1369 2805 1654 2857 dimensae
1710 2802 1916 2871 capitis

315 2906 600 2971 globosam
655 2905 954 2956 cavitatem
1025 2920 1134 2955 non
1190 2902 1488 2957 excedunt.
1595 2901 1916 2954 Crassiores

319 3004 602 3056 inveneris
639 3004 929 3071 minusque
966 3003 1294 3071 pellucidaS‚
1333 3019 1497 3072 quam
1533 3004 1756 3054 ceteras
1791 3000 1915 3052 ani-

318 3101 479 3155 malis
517 3105 727 3170 parteS‚
784 3103 1029 3171 speciem
1069 3103 1400 3172 praebentes
1450 3117 1669 3156 massae
1714 3115 1916 3169 grano-
