2122 3531
957 293 1024 344 13

188 437 354 488 mina.
456 436 530 486 Et
584 433 698 484 hoc·
741 433 984 501 -quidem
1039 431 1202 483 modo
1257 432 1520 484 animalia
1573 431 1780 484 haecce

187 536 540 586 membranae
578 549 835 584 mucosae
871 532 1123 583 intestini
1169 548 1290 584 sese
1334 530 1603 599 affigunt5
1652 547 1777 598 pro-

192 632 477 684 boscidem
519 632 665 683 enim
714 634 1017 683 retractam
1063 632 1115 682 ei
1163 633 1510 699 imponentes
1560 645 1781 698 promo-

191 734 349 790 vent,
417 732 608 799 itaque
671 730 894 782 acu'leos
961 729 1290 793 immittunt,
1364 715 1780 796 retrahuntque,

193 847 363 900 quum
399 847 459 883 se
495 831 718 883 solvere
754 830 965 881 volunt.

330 1041 621 1095 Musculos
656 1043 895 1094 motibus
931 1041 1055 1093 istis
1092 1041 1452 1094 instituendis
1481 1038 1787 1093 inservien-

194 1143 278 1194 tes
313 1159 426 1192 non
465 1142 673 1206 inveni,
712 1158 890 1208 neque
928 1142 985 1190 in
1013 1141 1126 1192 ullo
1164 1140 1458 1193 individuo
1490 1140 1788 1192 retractam

194 1241 314 1293 vidi
378 1239 794 1308 proboscidem,
861 1238 1040 1289 nihilo
1094 1239 1276 1290 minus
1329 1241 1513 1290 autem
1567 1253 1627 1289 se
1679 1250 1793 1288 mo-

193 1338 361 1392 vendi
411 1337 734 1389 facultatem
785 1337 1058 1389 anteriori
1097 1328 1397 1405 praeeipue
1443 1335 1794 1405 proboscidis

195 1439 344 1506 parti
385 1438 609 1488 insitam
649 1454 770 1489 esse
809 1438 1002 1505 negari
1041 1453 1151 1487 non
1190 1441 1392 1504 potest.
1476 1436 1546 1486 In
1595 1435 1793 1503 pleris-

195 1555 301 1605 que
363 1536 692 1588 animalibus
759 1538 1006 1588 obtusam
1076 1534 1328 1588 invenies
1385 1535 1788 1599 proboscidem,

196 1641 467 1688 resectam
508 1636 699 1704 quasi,
758 1637 807 1686 si
843 1641 1026 1687 autem
1067 1637 1279 1689 duabus
1322 1634 1544 1687 laminis
1590 1631 1792 1684 vitreis

196 1736 539 1802 interposita
577 1735 992 1802 comprimitur,
1048 1753 1179 1804 pars
1227 1733 1499 1803 quaedam
1536 1729 1795 1802 procedit

196 1835 372 1886 multo
409 1835 645 1894 tenuior,
687 1851 918 1897 acumen
958 1836 1120 1903 quasi
1158 1834 1423 1897 formans,
1460 1831 1670 1884 aculeis
1700 1830 1794 1879 ob-

198 1949 353 1986 sessa
387 1933 729 1986 tenerrimis.

338 2131 412 2182 At
450 2131 615 2183 aliam
655 2132 914 2184 movendi
954 2131 1273 2184 methodum
1291 2130 1335 2195 ⁴¹)
1371 2130 1430 2181 in
1467 2126 1798 2197 proboscide

198 2231 491 2283 observari
526 2231 678 2291 licet,
735 2232 1036 2283 secundum
1093 2247 1259 2299 quam
1296 2230 1356 2280 in
1392 2229 1600 2281 fossam
1638 2226 1799 2277 navi.-

200 2330 473 2393 cularem,
531 2329 592 2378 in
647 2328 917 2382 inferiore
956 2331 1155 2398 capitis
1194 2339 1350 2397 parte
1389 2328 1649 2396 positam,
1707 2342 1801 2374 re-

198 2428 350 2479 trahi
397 2438 450 2480 et
487 2432 807 2496 promoveri
848 2445 920 2480 ex
956 2446 1023 2481 ea
1060 2433 1263 2497 potest.
1310 2428 1386 2479 Et
1422 2427 1559 2479 satis
1598 2423 1798 2493 grandi

199 2527 574 2578 musculorum
643 2534 912 2593 apparatu
978 2527 1154 2578 haece
1211 2526 1535 2577 efficiuntur
1598 2524 1799 2573 motio-

201 2642 329 2688 nes,
391 2625 488 2691 qui
526 2623 716 2674 infima
767 2625 915 2691 parti
955 2624 1308 2692 proboscidis
1364 2623 1572 2674 affixus
1626 2621 1799 2672 fibras

203 2724 264 2774 in
300 2723 536 2775 sormam
578 2712 863 2776 radiorum
900 2724 971 2776 ad
1008 2724 1154 2777 disci
1192 2724 1458 2775 ambitum
1496 2720 1680 2772 mittit.
1728 2720 1796 2773 In

330 3018 376 3070 ⁴⁶)
407 3016 670 3081 Utramque
717 3020 980 3068 motionem
1012 3018 1311 3082 proboscidis
1341 3020 1443 3078 iam
1484 3034 1512 3064 a
1547 3015 1796 3078 Cloquetio

205 3109 492 3171 descriptam
523 3110 810 3159 invenimus.
