2122 3531
1003 290 1074 338 25

529 545 950 634 Tabulae
1021 545 1549 658 eoeplz'catzb.

375 927 497 998 Fig.
552 932 601 981 1.
674 925 1146 997 Echinorhynchi
1201 928 1467 981 strumosi
1522 925 1732 980 femina
1787 943 1823 980 a

234 1026 408 1080 latere
445 1029 676 1081 sinistro
725 1030 985 1082 dissecta.

515 1132 605 1180 a*.
644 1129 971 1180 Proboscis.

510 1243 562 1279 a.
635 1226 925 1278 Masculus
964 1223 1349 1294 proboscidem
1388 1222 1742 1292 protrudens.

513 1327 566 1378 b.
640 1326 821 1379 Musc,
873 1323 1263 1394 proboscidem
1302 1323 1612 1376 retrahens·

515 1441 566 1478 c.
639 1426 943 1478 Lemnisci.

514 1522 569 1576 d.
643 1525 979 1578 Intestinum
1029 1539 1296 1576 crassum.

513 1640 562 1676 e.
636 1624 765 1677 Duo
832 1623 1040 1690 tubuli,
1109 1622 1262 1690 quos'
1324 1618 1580 1672 intestini
1634 1636 1829 1672 cavum

511 1722 866 1788 continuare,
933 1726 987 1774 et
1051 1739 1177 1772 cum
1240 1719 1635 1787 integumentis
1700 1734 1822 1770 sese

511 1824 910 1889 conjungentes
930 1819 1213 1890 duplicem
1250 1817 1497 1870 formare
1531 1834 1697 1870 anum
1735 1833 1830 1870 ve-

512 1919 753 1973 risimile
790 1923 892 1973 est.

508 2017 550 2072 f.
625 2019 894 2086 Organon
949 2015 1216 2070 filiforme
1260 2014 1554 2085 apparatui
1591 2013 1824 2084 genitali

507 2116 999 2184 adnumerandum,
1058 2116 1209 2186 quod
1263 2133 1387 2168 cum
1425 2115 1692 2167 intestino
1730 2130 1829 2166 co-

507 2214 727 2277 haeret,
786 2220 846 2267 et
898 2217 1221 2283 priusquam
1276 2218 1436 2266 utero
1475 2212 1728 2282 affigitur
1766 2213 1824 2264 in

511 2314 753 2368 sormam
803 2315 1006 2367 literae
1057 2313 1098 2367 S
1151 2314 1359 2366 flexum
1414 2316 1647 2382 apparet
1700 2311 1857 2376 (f*).*

509 2433 563 2482 g.
641 2416 864 2468 Uterus.

509 2531 545 2581 g
559 2517 607 2566 *.
685 2512 1037 2564 Diverticula
1058 2514 1111 2577 ej
1121 2527 1180 2562 us
1200 2512 1512 2577 posteriora
1532 2506 1823 2561 inferiora.

511 2609 567 2663 h.
641 2610 971 2671 Oviductus,
1028 2610 1126 2677 qui
1175 2610 1233 2660 in
1291 2613 1452 2676 parte
1507 2607 1818 2676 posteriore
1903 2609 1907 2613 ”

509 2711 579 2773 (i)
633 2710 692 2761 in
746 2710 1095 2779 globulorum
1149 2707 1384 2760 duorum
1439 2705 1676 2759 formam
1732 2719 1825 2756 ex-

514 2809 779 2862 tenditur.

511 2908 566 2962 k.
641 2909 922 2977 Apertura
974 2907 1269 2975 apparatus
1319 2902 1580 2972 genitalis
1628 2900 1822 2954 mulie-

510 3008 630 3061 bris
666 3005 1222 3058 infundibuliformiS.

508 3107 546 3161 1.
623 3106 809 3160 Ovula
845 3104 904 3159 in
939 3103 1206 3160 oviductu
1241 3101 1546 3159 versantia.
