2122 3531
988 281 1057 332 2⁷

356 420 684 488 Magnitudo
726 421 1013 473 ovulorum
1052 422 1108 470 in
1150 421 1327 490 figura
1365 427 1523 474 aucta
1550 429 1630 475 est
1653 426 1810 492 quin„

214 520 441 585 gentieS.

355 703 474 771 Fig.
516 707 566 757 5.
627 704 947 769 [Proboscis
987 704 1149 757 simul
1171 721 1291 756 cum
1335 707 1599 757 intestino
1621 722 1811 759 crasso

213 820 248 854 a
286 805 538 870 partibus
576 805 782 857 vicinis
819 805 1022 856 soluta.

491 922 541 953 a.
616 904 926 956 Proboscis
982 922 1105 955 cum
1161 905 1440 965 acumine,
1498 904 1647 972 quod
1706 922 1811 954 non

495 1004 606 1054 nisi
662 1004 951 1070 pressione
1009 1003 1159 1054 inter
1196 1004 1430 1054 laminas
1469 1005 1680 1054 vitreas
1718 1005 1810 1053 ad*

492 1102 673 1153 hibita
711 1108 964 1169 apparet.

492 1202 542 1252 b.
621 1201 839 1264 LocuS‚
898 1217 1008 1268 quo
1064 1199 1419 1267 proboscidis
1459 1217 1589 1267 pars
1630 1208 1812 1268 poste-

492 1300 612 1349 rior
660 1301 728 1351 ab
776 1299 1045 1350 intestino
1094 1300 1252 1366 quasi
1305 1299 1612 1350 involvitur
1662 1307 1715 1350 et,
1757 1303 1809 1349 in

489 1398 634 1448 idem
688 1399 936 1450 immissa
972 1399 1132 1466 quasi
1170 1404 1421 1465 apparet.

489 1513 537 1548 c.
614 1499 941 1550 Intestinum
979 1514 1242 1550 crassum.

350 1680 471 1749 Εἰς,
512 1685 561 1735 6.
638 1684 861 1736 Uterus.

493 1797 544 1832 a.
623 1782 907 1849 Apertura
951 1781 1073 1848 ejus
1109 1781 1304 1832 libera.

489 1881 540 1931 b.
620 1880 977 1932 Diverticula
1002 1881 1338 1948 posteriora,
1378 1878 1667 1936 inferiora.

494 1979 827 2047 Magnitudo
866 1978 1197 2048 quindecies
1244 1982 1421 2031 aucta.

348 2162 470 2230 Fig.
509 2163 561 2216 ¹7.
637 2164 956 2232 Apparatus
1012 2162 1275 2231 genitalis
1329 2162 1501 2214 maris
1560 2161 1808 2216 Echino-

487 2260 733 2330 rhynchi
773 2264 1056 2314 strumosi.

488 2406 537 2441 a.
618 2389 916 2453 Cuticula,
978 2405 1087 2456 qua
1153 2387 1619 2439 circumcluditur

414 2478 425 2484 ⁴
483 2488 534 2550 b,
576 2487 630 2536 b‘
668 2489 757 2551 b,¹¹
797 2488 905 2538 b.“‘
941 2486 1200 2547 Quatuor
1231 2487 1391 2552 paria
1418 2471 1809 2551 vesicularum,

480 2564 708 2636 *testium
747 2584 1001 2650 analoga.

487 2700 536 2736 c.
615 2683 835 2734 Ductus
902 2699 1093 2735 eorum
1163 2682 1450 2749 conjuncti
1508 2683 1564 2733 in
1622 2685 1805 2750 anguli

485 2781 722 2832 formam
763 2781 923 2831 torsi.

494 2879 550 2932 d.
626 2879 781 2930 Vasa
818 2877 1146 2931 deferentia.

490 2996 538 3030 e.
614 2978 776 3028 Duae
816 2978 1096 3029 vesiculae
1135 2977 1428 3029 seminales
1461 2994 1690 3045 quarum
1734 2980 1811 3031 al*

488 3082 609 3128 tera
648 3077 875 3129 alteram
917 3078 986 3128 ab
1024 3077 1170 3126 omni
1210 3082 1372 3144 parte
1408 3078 1560 3143 tegit.
