2122 3531
1078 315 1138 350 'VI

295 452 480 519 ²‘ctus9
546 462 737 503 unum
805 440 959 521 quin
1018 440 1272 501 afferam
1337 440 1767 501 tantummodo
1822 440 1907 501 fa-

296 577 458 617 cere
503 577 631 615 non
674 574 939 635 possum.
1013 553 1326 615 Nimirum
1349 552 1417 613 in
1460 574 1666 615 venae
1714 574 1911 614 cavae

300 668 626 730 inferioris
670 666 951 748 pariete,
994 666 1136 748 ipso
1181 687 1259 727 eo
1301 666 1469 740 loco,
1535 688 1684 745 qu0‚
1750 666 1904 726 reli-

303 791 410 843 cto
453 802 611 843 cavo
655 778 1038 855 abdominis,
1097 799 1221 859 per
1287 778 1698 859 diaphragma
1763 800 1912 859 per-

299 895 512 970 venit,
554 893 904 953 musculum
948 912 1085 952 esse
1129 899 1221 952 sat
1264 912 1537 951 crassum
1580 890 1800 953 inveni
1845 898 1914 952 et

301 1009 574 1089 digitum
618 1007 761 1066 sere
805 1007 1032 1082 latum,
1098 1004 1230 1086 qui,
1294 1024 1423 1063 non
1489 1004 1691 1064 solum
1754 1025 1910 1084 quo-

301 1121 492 1182 modo
535 1120 780 1181 oriatur
831 1127 1050 1180 notum
1105 1117 1274 1178 illud
1331 1116 1560 1196 ingens
1615 1125 1913 1197 recepta-

300 1234 517 1294 culum
561 1231 899 1314 sanguiniS,
966 1230 1142 1311 quod
1204 1229 1275 1290 in
1336 1229 1608 1310 regione
1666 1229 1911 1310 jecoris

302 1347 577 1428 positum
634 1352 764 1421 est,
839 1344 957 1404 sed
1019 1343 1204 1404 etiam
1270 1342 1474 1423 qualis
1538 1342 1620 1403 sit
1684 1349 1907 1402 natura

302 1458 621 1540 sanguinis
665 1456 1102 1519 circulationis
1159 1456 1228 1516 in
1282 1455 1460 1517 hisce
1515 1456 1909 1532 animalibus,

304 1594 468 1653 quae
514 1572 885 1633 diuturnum
927 1568 1233 1650 temporis
1278 1568 1547 1649 spatium
1593 1570 1709 1629 sub
1755 1589 1914 1649 aqua

304 1686 532 1747 vivere
596 1692 889 1767 possunt,
932 1682 1079 1755 satis
1142 1681 1501 1744 sufficiente
1544 1682 1796 1744 ratione
1838 1681 1915 1744 il-

307 1799 549 1860 lustrat.

473 2025 717 2105 Itaque,
761 2023 830 2086 in
866 2043 990 2104 qua
1034 2021 1430 2085 verseturdis
1462 2020 1711 2104 putatio
1755 2040 1915 2097 mea,

305 2137 481 2220 elegi
511 2136 877 2198 anatomiam
898 2134 1430 2216 Echinorhynchi
1467 2133 1780 2209 strumosi,
1808 2153 1917 2193 cu-

302 2254 405 2333 jus
447 2249 713 2332 triginta
767 2249 1034 2310 circiter
1092 2247 1426 2308 individua
1488 2247 1557 2307 in
1614 2246 1920 2308 intestino

313 2366 561 2446 phocae
623 2361 877 2444 reperi3
941 2381 1172 2445 meque
1237 2361 1360 2419 hoc
1425 2360 1648 2420 labore
1713 2359 1920 2419 tribus

308 2477 488 2540 hisce
532 2476 747 2538 lucem
788 2473 1098 2556 quandam
1142 2471 1422 2559 attulisse
1466 2492 1699 2535 censeo
1711 2516 1733 2551 ,
1776 2492 1920 2533 cum

300 2589 700 2660 ostenderim
719 2613 733 2648 ε

491 2788 555 2865 a)
615 2790 888 2869 systema
944 2802 1285 2848 nervosum
1348 2782 1418 2846 in
1473 2781 1923 2865 Echinorhyn-

323 2900 459 2964 chis
502 2899 806 2982 reperiri,
1598 2896 1605 2909 “

491 3098 570 3177 b)
611 3095 932 3162 materiam
975 3095 1287 3180 quandam
1327 3091 1617 3179 sanguini
1658 3091 1926 3158 similem
