2122 3531
994 304 1055 351 19

222 444 403 497 terius
440 442 773 494 densitatem
820 442 998 511 partis
1044 440 1377 510 posterioris
1424 443 1510 493 ter
1556 440 1679 494 fere
1726 458 1818 495 su-

221 546 408 612 perat,
465 545 521 594 et
580 545 820 609 quatuor
866 542 955 594 vel
1005 541 1250 610 quinque
1297 540 1538 593 ostendit
1583 541 1820 594 nodulos

219 642 367 710 (Fig.
407 641 459 706 9,
501 642 577 704 b.)
614 657 754 709 quos
790 639 1016 708 ganglia
1052 656 1174 691 esse
1213 640 1545 707 censuerim,
1583 639 1682 691 fila
1718 658 1818 692 au-

220 745 334 793 tem
385 739 643 792 lateralia
697 739 982 791 dimittere
1029 755 1141 789 non
1187 737 1332 802 vidi,
1388 738 1450 788 id
1495 738 1644 806 quod
1682 740 1818 790 effe-

218 843 371 891 ctum
421 856 544 891 esse
588 836 729 890 mihi
776 838 1004 892 videtur
1050 837 1412 890 dissentionis
1458 836 1814 905 difficultate,

216 955 383 1006 quum
420 954 532 990 non
569 937 766 991 adesse
802 937 906 992 vix
943 937 1301 990 crediderim.

354 1135 572 1189 Noduli
625 1135 738 1203 ipsi
791 1134 851 1185 in
908 1134 1136 1201 regione
1184 1134 1389 1203 capitis
1443 1137 1620 1203 magis
1666 1134 1816 1188 inter

213 1251 276 1288 se
314 1234 594 1289 distantes
631 1249 965 1304 apparuere,
1006 1251 1170 1302 quam
1208 1234 1268 1286 in
1305 1236 1639 1303 posteriore.

545 1705 985 1842 Systema
1037 1703 1470 1821 yenitale.

203 2078 381 2167 Inter
417 2115 683 2168 animalia
718 2115 959 2183 triginta
995 2131 1137 2184 quae
1173 2111 1451 2179 dissecui,
1490 2110 1606 2164 tria
1650 2110 1812 2168 fuere

203 2213 484 2280 mascula,
533 2220 726 2267 cetera
758 2214 1027 2279 feminae,
1081 2216 1137 2265 et
1173 2213 1234 2264 in
1271 2213 1526 2275 omnibus
1561 2210 1812 2264 Echino-

202 2311 588 2381 rhynchorum
635 2313 930 2381 speciebus
966 2316 1081 2365 tam
1126 2328 1257 2363 raro
1294 2311 1660 2364 inveniuntur
1696 2329 1810 2364 ma-

201 2427 314 2477 reS‚
354 2415 415 2464 ut
449 2411 782 2465 Nitzschius
831 2428 974 2464 anno
1011 2411 1151 2465 1818
1198 2410 1412 2480 primus
1460 2409 1668 2478 suerit,
1715 2410 1814 2479 qui

204 2526 398 2562 eorum
457 2515 712 2580 systema
756 2511 1002 2578 genitale
1047 2490 1431 2578 perscrutatus
1478 2509 1585 2575 sit,
1641 2525 1810 2577 quum

201 2625 364 2663 nemo
402 2625 499 2662 eos
536 2613 666 2662 ante
702 2607 1002 2660 Bloehium
1039 2606 1267 2661 viderit.

345 2706 552 2760 Omnia
587 2725 798 2776 organa
832 2707 1004 2760 maris
1040 2705 1329 2774 systemati
1364 2704 1601 2774 genitali
1638 2704 1809 2758 adnu-

202 2806 473 2860 meranda
508 2806 886 2859 membranula
921 2807 991 2859 ab
1029 2806 1179 2858 omni
1214 2806 1397 2858 latere
1433 2805 1689 2858 involuta
1724 2804 1809 2855 in-

203 2905 397 2958 venies
431 2908 752 2972 tenerrima,
790 2905 1002 2958 aditum
1037 2904 1248 2957 nullum
1270 2904 1616 2970 ostendente,
1655 2903 1804 2970 (Fig.

202 3004 256 3059 7.
296 3004 373 3069 a.)
427 3021 462 3056 a
515 3005 692 3056 latere
747 3004 927 3057 altero
978 3004 1239 3073 corporis
1293 3006 1442 3072 parti
1497 3002 1805 3072 posteriori

202 3119 486 3172 connexa,
559 3103 741 3160 altero
796 3106 980 3160 autem
1045 3104 1197 3159 inter
1259 3102 1426 3158 crura
1504 3100 1616 3156 ista
1678 3117 1802 3153 cum
