2122 3531
1077 297 1144 350 12

449 437 541 489 De
578 436 738 489 fibris
776 438 1202 504 muscularibuS,
1257 456 1399 508 quae
1453 441 1787 495 motionibus
1825 447 1911 495 to-

309 534 421 587 tius
460 536 720 588 animalis
756 537 1071 588 inserviunt
1128 540 1183 588 et
1239 553 1272 589 a
1327 539 1469 592 viris
1525 542 1909 595 celeberrimis

307 632 525 702 Bojano
585 635 992 703 Cloquetioque
1057 636 1194 688 satis
1259 642 1521 690 accurate
1575 640 1635 691 in
1691 640 1905 692 descri-

306 734 501 801 ptione
538 734 852 784 anatomica
889 733 1361 804 Echinorhynchi
1413 736 1666 804 Gigantis
1714 739 1907 807 expla-

305 836 468 883 natae
521 836 681 893 sunt,
753 832 812 882 in
869 831 1042 883 hacce
1097 836 1314 901 specie,
1370 839 1531 902 cujus
1585 838 1909 903 magnitudo

306 935 560 983 octavam
599 930 824 997 pollicis
877 935 1093 998 partem
1149 914 1260 984 non
1321 939 1568 1003 superat,
1625 934 1767 986 nihil
1822 937 1912 987 in·-

302 1032 453 1096 veni‚
494 1030 553 1081 id
593 1035 775 1081 autem
813 1030 954 1082 satis
992 1047 1315 1099 persuasum
1354 1032 1492 1083 mihi
1529 1032 1705 1086 habeo
1743 1033 1912 1086 hasce

302 1129 476 1180 fibras
515 1129 861 1181 musculares
899 1130 1124 1181 omnino
1162 1131 1276 1182 alia
1312 1132 1601 1199 praeditas
1648 1149 1774 1185 esse
1810 1149 1906 1185 na-

301 1232 447 1291 tura,
486 1244 649 1294 quam
689 1226 864 1279 fibras
901 1228 1291 1294 proboscidem
1322 1235 1630 1292 moventes,
1672 1249 1908 1299 quarum

301 1323 430 1377 filae
470 1327 772 1392 primariae
818 1327 1195 1394 microscopio
1253 1344 1287 1378 a
1340 1327 1769 1382 Frauen‘hofero
1824 1331 1910 1383 fa-

300 1424 520 1475 bricato
557 1441 809 1491 mensae,
856 1425 1210 1477 latitudinem
1247 1442 1319 1465 Ξ
1356 1428 1594 1491 o‚00672
1633 1430 1683 1459 “¹
1719 1433 1909 1483 osten-

301 1521 452 1575 dere.
528 1522 620 1576 De
656 1523 746 1575 his
783 1540 921 1578 vero
958 1541 1091 1578 mox
1124 1527 1326 1594 postea
1362 1524 1672 1595 loquemur.

509 2003 1068 2119 Apparatus
1126 2010 1689 2126 dayesffionis.

294 2383 635 2467 Proboscis
682 2413 743 2465 in
783 2415 977 2468 infima
1014 2415 1170 2469 fossa
1208 2417 1520 2471 naviculari
1571 2417 1783 2487 posita,
1833 2419 1903 2470 de

295 2532 404 2583 qua
442 2530 611 2581 supra
649 2515 1005 2582 scripsimus,
1062 2517 1271 2569 aculeis
1321 2523 1535 2569 armata
1572 2521 1658 2569 est
1695 2525 1907 2569 retror-

293 2631 414 2666 sum
451 2613 648 2673 versiS,
706 2618 794 2664 sat
848 2615 1073 2680 crassis,
1131 2615 1188 2666 in
1228 2619 1543 2683 quincunce
1586 2617 1784 2683 positis
1833 2617 1901 2667 ad

297 2713 512 2779 apicem
552 2727 748 2762 versus
790 2714 1155 2764 tenuioribus·
1234 2714 1492 2765 Gaudent
1534 2732 1689 2779 vem,
1729 2716 1902 2766 sicuti

293 2807 627 2863 Nitzschius
666 2809 1093 2875 demonstravit,
1128 2811 1607 2878 Acanthocephali
1627 2812 1901 2863 facultate

293 2910 551 2976 quadam,
592 2925 700 2975 qua
738 2908 1124 2975 proboscidem
1165 2909 1222 2959 in
1262 2926 1319 2961 se
1357 2912 1562 2960 sensim
1588 2911 1899 2962 revolutam

294 3005 580 3058 retrahere
616 3010 869 3073 possunt,
909 3023 1019 3073 quo
1056 3005 1142 3072 fit,
1181 3011 1258 3071 ut,
1299 3008 1394 3075 qui
1432 3008 1488 3058 in
1527 3007 1689 3075 apice
1728 3010 1897 3076 positi

295 3109 424 3156 sunt
461 3103 660 3168 aculei,
716 3104 775 3154 in
830 3108 1049 3172 partem
1105 3105 1440 3158 anteriorem
1496 3111 1718 3159 vertant
1768 3124 1896 3160 acu-
