2122 3531
954 291 1021 345 1⁷

187 435 547 503 exiguitatem
585 449 765 503 neque
809 435 903 487 ani
939 433 1160 486 orificia
1196 434 1319 503 ipsa
1354 434 1565 502 videre,
1604 453 1780 506 neque

185 533 285 586 fila
338 533 668 587 tenuisfflma
722 534 780 585 in
836 551 901 585 ea
954 534 1209 586 inserere
1254 536 1543 603 potuerim.
1619 538 1779 589 Atta-

188 651 311 686 men
359 633 736 702 magnitudine
791 649 896 700 ope
950 632 1312 701 microscopii
1367 633 1532 686 valde
1598 646 1780 703 aucta,

182 750 370 802 genus,
410 750 519 801 quo
550 730 645 783 fila
674 732 1063 799 integumentis
1098 735 1229 783 sunt
1258 730 1451 798 affixa,
1490 732 1632 786 hanc
1663 752 1781 787 rem

183 834 497 885 reveraita
534 838 594 884 se
632 829 861 895 haber-ej
919 831 1248 885 sententiam
1302 847 1478 900 paene
1534 834 1778 887 certissi-

182 949 323 986 mam
361 933 417 984 in
454 947 542 984 me
579 928 872 984 excitavit.

509 1403 943 1514 Systema
1002 1430 1452 1491 vasorum.

173 1779 338 1863 Duo
376 1814 503 1864 sunt
539 1828 691 1879 vasa,
730 1831 872 1882 quae
908 1814 1041 1868 inde
1078 1831 1112 1867 a
1149 1812 1337 1880 capite
1375 1828 1547 1879 usque
1582 1811 1653 1863 ad
1682 1827 1778 1879 po-

177 1911 473 1962 steriorem
511 1912 769 1965 animalis
807 1917 1023 1981 partem
1061 1912 1336 1982 parallela
1373 1909 1527 1976 fere,
1566 1914 1778 1961 tamen-

174 2026 310 2062 vero
348 2010 407 2060 in
444 2011 673 2077 regione
711 2011 805 2063 ani
842 2013 1020 2080 magis
1057 2011 1343 2080 paulisper
1362 2009 1631 2062 distantia
1651 2026 1778 2076 pro-

175 2112 420 2172 currunt,
458 2109 607 2175 (Fig.
650 2113 699 2174 1,
740 2110 816 2175 m)
853 2127 1038 2162 ramos
1052 2149 1068 2177 ‚
1118 2113 1497 2162 anastomoses
1534 2109 1683 2159 inter
1721 2124 1780 2160 se

173 2207 451 2258 interdum
489 2207 814 2270 formanteS,
851 2209 913 2260 in
948 2210 1096 2260 latus
1134 2213 1428 2275 utrumque
1466 2206 1778 2272 dimittunt,

175 2309 233 2357 et
289 2305 513 2357 tandem
568 2307 626 2356 in
675 2306 1159 2375 1·egione4orificii
1196 2323 1529 2373 organorum
1566 2306 1778 2372 genita-

172 2404 311 2456 lium
349 2405 845 2459 communicantur.
919 2406 986 2458 In
1025 2406 1231 2474 capitis
1260 2405 1556 2459 vicinitate
1593 2410 1776 2457 autem

172 2503 233 2555 in
283 2503 1013 2556 ramulos-innumerabiles·
1046 2504 1249 2557 ‘divisa
1303 2504 1444 2554 cirri
1473 2503 1588 2556 *vel
1627 2501 1775 2553 ’nodi

173 2601 409 2655 sormam
448 2602 749 2657 ostendunt
786 2603 934 2671 (Fig.
972 2606 1025 2670 1,
1052 2605 1122 2666 vAo)

315 2801 394 2853 Et
465 2802 756 2855 continent
830 2802 1055 2872 quidem
1126 2799 1268 2853 haec
1332 2815 1470 2853 vasa
1539 2797 1774 2851 fluidum

174 2898 454 2968 quoddam
492 2902 880 2969 pellucidum,
908 2900 1060 2971 quod
1108 2916 1220 2951 non
1270 2897 1380 2950 nisi
1426 2898 1774 2966 corpusculis

171 2999 457 3065 granosiS‚
517 3017 658 3066 quae
711 3003 907 3052 natant
950 3002 1009 3052 in
1059 3015 1126 3052 eo
1180 2997 1474 3065 formaque
1530 2997 1776 3064 regulari

171 3114 281 3150 non
316 3101 446 3152 sunt
483 3099 762 3166 praedita,
803 3099 1102 3169 percipieS.
1174 3099 1298 3152 Acu
1333 3095 1481 3150 enim
1516 3095 1646 3152 vasi·
1675 3095 1774 3148 ad-
