2122 3531
998 292 1062 341 11

236 431 511 502 procedit.
586 433 740 485 Tota
792 431 938 485 disci
993 432 1157 483 istius
1211 428 1537 498 superficies
1581 432 1824 483 minimis

230 540 446 585 armata
481 539 567 585 est
602 532 842 598 aculeiS,
892 531 986 600 qui
1022 531 1138 581 bini
1176 531 1317 582 miro
1355 530 1591 598 quodam
1631 531 1829 581 ordine

232 633 314 684 ita
351 631 524 700 positi
560 635 708 697 sunt,
747 636 810 684 ut
845 630 1091 682 circulos
1127 629 1394 694 forment,
1434 630 1530 697 qui
1568 645 1677 696 quo
1715 646 1827 680 ma-

227 732 315 799 gis
353 730 426 783 ad
475 729 856 800 peripheriam
902 733 1191 781 externam
1248 728 1552 790 accedant,
1610 744 1676 779 eo
1726 727 1828 779 mi-

226 830 354 881 nori
416 831 716 883 intervallo
779 828 1011 882 distenti
1076 833 1230 889 sunt,
1300 843 1646 897 quorumque
1717 828 1828 894 ipsi

206 931 405 982 ,aculei
442 931 620 997 magis
657 927 907 980 confines
960 927 1348 981 observantur.
1424 927 1570 979 Pars
1626 928 1829 995 capitis

222 1027 465 1081 dorsalis
502 1027 806 1096 eademque
827 1027 1104 1097 superior,
1142 1026 1390 1094 globosa,
1428 1026 1677 1088 inermiS,
1715 1026 1831 1095 gla-

223 1130 354 1190 bra3
394 1128 668 1196 reliquum
707 1143 913 1195 corpus
949 1130 1102 1179 teres
1121 1125 1202 1192 *),
1260 1126 1408 1179 latus
1453 1125 1692 1178 inferius
1728 1141 1828 1178 au-

221 1231 330 1280 tem
368 1244 404 1279 a
439 1226 732 1296 superiore
769 1242 836 1278 eo
875 1225 1087 1290 differt,
1142 1223 1291 1292 quod
1348 1224 1558 1275 aculeis
1615 1226 1829 1276 armata

221 1330 326 1391 est,
366 1325 465 1394 qui
503 1324 674 1377 sicuti
712 1325 897 1376 aculei
934 1324 1150 1378 discum
1188 1324 1393 1391 capitis
1414 1323 1735 1376 obsidentes
1754 1319 1840 1379 ad.

218 1426 590 1498 posteriorem
619 1425 882 1478 animalis
920 1428 1138 1492 partem
1175 1422 1384 1474 directi
1423 1433 1565 1475 sunt.

353 1607 420 1659 In
459 1625 604 1677 aqua
641 1607 988 1661 submersum
1026 1622 1299 1676 magnam,
1338 1606 1512 1660 sicuti
1552 1607 1717 1659 antea
1744 1605 1827 1656 di·

212 1708 424 1769 ximus,
482 1707 718 1775 hujusce
754 1708 1131 1776 quantitatem
1169 1707 1421 1769 imbibit,
1477 1703 1827 1771 formamque

209 1805 341 1858 inde
397 1806 681 1873 paululum
735 1808 1006 1859 mutatam
1066 1806 1343 1871 ostendit,
1415 1803 1602 1857 omnia
1666 1819 1822 1868 vei-0,

212 1922 356 1973 quae
411 1904 553 1957 mihi
606 1909 832 1973 praesto
892 1908 1050 1958 erant
1104 1907 1478 1958 instrumenta
1513 1919 1623 1954 non
1661 1899 1822 1953 suffi-

209 2021 339 2054 cere
377 2006 501 2056 visa
540 2008 687 2069 sunt,
743 2008 806 2056 ut
859 2002 1200 2057 foraminula
1253 2004 1361 2055 ista
1418 2003 1819 2064 demonstrent,

204 2103 425 2171 quibus,
463 2103 637 2154 sicuti
673 2102 976 2171 loquuntur
1013 2104 1341 2171 scriptores,
1379 2101 1558 2153 fluida
1592 2099 1652 2150 in
1691 2116 1816 2151 cor-

203 2203 358 2270 poris
396 2218 591 2253 cavum
634 2201 877 2252 transire
917 2202 1152 2268 possint.
1227 2199 1595 2270 Epidermide
1632 2202 1817 2250 tener-

205 2301 349 2352 rima
383 2300 648 2352 vestitum
689 2303 774 2351 est
812 2303 1118 2360 entozoon,
1176 2317 1320 2367 quae
1375 2291 1639 2350 continuo
1688 2312 1822 2348 cum

199 2400 413 2452 aculeis
449 2396 718 2451 cohaeret
757 2401 814 2449 et
853 2398 1250 2451 macerationis
1294 2414 1403 2465 ope
1449 2396 1702 2448 relaxata
1739 2394 1830 2447 si-

198 2498 312 2551 mul
352 2515 477 2550 cum
513 2497 672 2550 hisce
709 2497 855 2549 solvi
905 2501 1109 2564 potest.
1201 2498 1323 2567 Ipsi
1379 2496 1561 2549 aculei
1615 2492 1807 2558 solidi,

198 2595 537 2666 epidermidi
575 2595 753 2659 insiti,
792 2595 963 2647 simili
1001 2595 1240 2664 quadam
1277 2593 1533 2648 chemica
1569 2593 1824 2653 materia

197 2695 494 2748 constituti
531 2710 654 2748 esse
690 2692 973 2746 videntur.

326 2935 372 2987 ἡ
404 2932 447 2981 E
482 2933 633 2980 tribus
667 2932 900 2992 maribus,
951 2949 1071 2996 quos
1107 2931 1340 2991 dissecui,
1390 2931 1483 2978 duo
1520 2944 1690 2993 corpus
1724 2944 1801 2991 cy-

198 3023 456 3071 lindricum
494 3025 548 3072 in
589 3024 790 3089 regione
832 3024 978 3086 capiti
1019 3025 1179 3072 vicina
1228 3026 1543 3073 constrictum
1585 3022 1803 3071 ostende—

196 3124 331 3176 runt,
366 3115 417 3164 id
451 3117 577 3179 quod
612 3118 765 3182 figura
798 3117 939 3165 tertia
971 3116 1225 3166 delineavi.
