2122 3531
1085 298 1155 347 26

603 456 674 490 m.
747 440 875 490 Duo
925 454 1054 490 vasa
1109 438 1407 490 secundum
1447 443 1619 490 totam
1660 443 1918 509 corporis

601 538 905 606 cylindrici
951 537 1355 605 longitudinem
1393 538 1765 592 decurrentia.

601 653 654 689 n.
728 641 1140 702 AnastomOSCS,
1199 653 1333 705 quas
1373 635 1520 688 inter
1557 655 1617 690 se
1654 639 1914 692 formant.

601 753 651 788 ο.
727 737 876 789 Cirri
949 755 1135 796 eorum
1210 739 1266 788 in
1349 737 1553 805 capitis
1624 740 1915 790 vicinitate

600 836 784 903 positi.

451 1020 579 1088 lug.
620 1021 670 1073 2.
747 1019 1259 1088 Echinorhynchus
1315 1024 1621 1072 strumosus
1672 1037 1705 1072 a
1744 1021 1917 1072 latere

318 1121 603 1187 superiore
657 1122 809 1172 visus
856 1138 965 1172 non
1005 1119 1296 1172 dissectus,

557 1262 643 1301 a.
720 1248 941 1315 Capitis
995 1248 1214 1315 globosi
1269 1246 1596 1314 superficies
1634 1246 1910 1314 superior.

596 1349 645 1398 b.
724 1347 943 1414 Corpus
982 1347 1373 1413 cylindricum.

456 1492 577 1569 Fig.
619 1508 667 1555 3.
744 1501 1228 1573 Eehynorhynchi
1265 1502 1526 1553 strumosi
1567 1517 1703 1565 mas,
1757 1504 1918 1566 cujus

315 1620 518 1670 corpus
554 1603 933 1673 cylindricum
971 1604 1028 1654 in
1049 1602 1331 1655 anteriore
1374 1607 1527 1670 parte
1565 1601 1785 1651 tenuius
1808 1606 1906 1650 est.

593 1749 642 1784 a.
717 1731 1028 1784 Proboscis
1089 1732 1147 1781 in
1221 1729 1375 1782 fossa
1450 1727 1763 1780 naviculari
1822 1743 1913 1777 re-

594 1838 802 1883 tracta.⁴

594 1932 646 1981 b.
720 1929 918 1981 Plicae
954 1927 1099 1978 disci
1137 1925 1344 1986 fossam
1385 1925 1763 1984 naviculfarem
1801 1925 1914 1976 for-

591 2036 826 2084 mantes,

597 2147 645 2179 c.
721 2130 942 2179 Discus

454 2226 785 2294 Magnitudo
824 2227 1036 2292 figurae
1071 2225 1305 2292 primae,
1345 2222 1620 2276 secundae
1643 2226 1698 2274 et
1718 2225 1918 2274 tertiae

314 2327 619 2378 naturalem
657 2326 848 2378 decies
885 2331 1133 2391 superat.

454 2494 576 2562 Fig.
617 2497 666 2547 4.
742 2495 884 2546 Tria
922 2494 1103 2557 ovnln,
1143 2508 1374 2560 quorum
1410 2493 1645 2542 modium
1685 2493 1762 2554 (a)
1803 2508 1917 2542 ma·

314 2593 463 2643 xime
502 2595 874 2658 immaturum,
916 2594 973 2643 id
1013 2600 1214 2652 autem,
1256 2591 1402 2657 quod
1426 2592 1776 2643 dextrorsum
1819 2607 1913 2658 po-

313 2693 478 2744 situm
518 2701 603 2744 est
640 2695 734 2756 (c),
774 2699 1048 2743 maturum
1087 2695 1187 2742 est.

602 2839 657 2885 α,
693 2822 747 2885 β.
822 2818 1085 2871 Cuticula
1141 2818 1323 2886 prima
1382 2822 1437 2870 et
1474 2816 1713 2875 secunda
1750 2833 1914 2868 ovum

592 2920 855 2972 vestiens.

599 3038 644 3087 γ.
723 3018 975 3070 Amnion.

591 3118 654 3172 5.'
713 3118 981 3184 Enim-yffi
1005 3169 1007 3171 ,
