2122 3531
967 287 1037 340 15

203 445 328 490 sae,
381 444 517 480 mox
551 427 1017 490 sub1·ubicundaS‚
1074 445 1207 480 mox
1242 425 1486 490 albidas,
1524 445 1657 482 mox
1693 427 1799 481 fla-

205 531 512 581 vescente-S.
565 527 996 595 Longitudinem
1032 527 1206 579 totius
1244 528 1442 595 capitis
1490 527 1614 579 fere
1651 544 1801 580 asse-

206 631 436 695 quentes
474 626 656 679 media
692 634 854 695 parte
891 627 950 677 in
987 625 1226 677 formam
1264 625 1603 679 infundibuli
1639 644 1801 680 coar-

206 731 449 792 ctantur,
488 727 809 794 tabulisque
855 726 1173 778 tenerrimis
1209 744 1334 778 cum
1371 727 1635 779 intestino
1672 743 1804 778 con-

199 829 432 893 junctae
467 830 612 890 sunt,
653 842 762 892 quo
800 825 926 877 loco
965 826 1318 893 proboscidis
1358 831 1570 894 partem
1615 829 1801 894 poste·

206 926 413 978 riorem
450 924 823 992 amplectitur.
914 923 1151 976 Leviter
1203 924 1478 976 trahendo
1532 925 1601 976 ab
1655 924 1797 976 inte-

205 1025 354 1076 stino
392 1041 486 1077 eas
525 1024 851 1086 removebi5‚
899 1023 958 1074 id
995 1040 1131 1074 vero
1168 1040 1277 1075 non
1315 1025 1452 1077 satis
1489 1027 1805 1092 perscruta-

205 1127 295 1175 tus
332 1140 468 1183 sum,
508 1140 635 1173 num
673 1122 923 1173 intestini
952 1139 1148 1174 cavum
1167 1138 1473 1190 cavumque
1509 1123 1803 1174 lemnisco-

204 1238 325 1273 rum
366 1225 667 1288 conjuncta
703 1223 815 1272 sint
857 1223 1007 1272 inter
1051 1237 1140 1285 se,
1191 1237 1296 1271 nec
1335 1237 1420 1286 ne,
1460 1237 1627 1289 quum
1667 1237 1796 1287 pro-

204 1326 294 1372 ter
352 1322 588 1389 partium
643 1321 993 1372 teneritatem
1052 1324 1220 1388 atque
1258 1319 1620 1386 exiguitatem
1661 1320 1801 1385 inje-

203 1421 317 1471 ctio
374 1419 598 1470 institui
651 1436 761 1471 non
816 1419 1084 1487 potuerit.
1187 1420 1265 1472 At
1318 1417 1629 1472 verisimile
1683 1433 1806 1470 esse

204 1519 447 1572 videtur.

242 1770 246 1771 ἶ
344 1702 527 1771 Caput
572 1702 830 1754 animalis
866 1702 1045 1770 igitur
1080 1719 1114 1754 a
1146 1700 1437 1770 superiore
1472 1700 1648 1753 latere
1685 1697 1801 1752 dis-

201 1803 416 1856 secanti
471 1803 710 1871 primum
751 1802 986 1854 musculi
1035 1806 1376 1854 retractores
1428 1801 1650 1852 obviam
1704 1816 1803 1850 ve·-

202 1904 378 1969 niunt,
417 1902 715 1953 lemniscos
752 1903 820 1952 ab
859 1906 1094 1969 utroque
1130 1901 1308 1952 latere
1344 1902 1624 1964 tegenteS,
1664 1913 1800 1965 quo-

205 2018 323 2053 rum
381 2005 567 2068 partes
619 1999 964 2066 posteriores
1017 1999 1285 2052 musculis
1333 1995 1798 2067 protrahentibus

202 2105 334 2151 sunt
372 2099 865 2167 superimpositae.

342 2281 676 2335 Intestinum
722 2298 857 2334 vero
904 2282 1084 2350 ipsum
1122 2280 1271 2348 (Fig.
1301 2283 1331 2333 1
1378 2279 1431 2333 d.
1472 2278 1597 2347 Fig.
1638 2280 1691 2344 5,
1724 2282 1800 2342 c.)

202 2381 568 2451 pellucidum,
618 2383 935 2434 membrana
981 2382 1131 2434 tenui
1172 2380 1496 2441 formatum,
1552 2378 1801 2431 anterius

204 2481 525 2549 proboscidi
574 2481 877 2546 posteriori
926 2481 1026 2530 tali
1079 2480 1245 2529 modo
1283 2479 1538 2530 afflixum
1578 2486 1691 2541 est,
1739 2479 1804 2528 ut

200 2580 492 2649 proboscis
532 2582 778 2628 retracta
816 2577 1116 2644 paululum,
1157 2578 1409 2629 immissa
1445 2577 1605 2645 quasi
1630 2593 1796 2626 mem-

202 2680 408 2729 branae
446 2678 697 2728 intestini
736 2681 1020 2744 appareat,
1078 2694 1235 2744 quae,
1293 2693 1400 2745 quo
1438 2677 1564 2727 loco
1601 2674 1797 2726 lemni-

120 2839 122 2841 ·
201 2795 328 2831 scos
363 2776 624 2829 laterales
662 2791 909 2827 annexos
938 2776 1300 2837 ostendimus,
1340 2775 1506 2826 istam
1535 2773 1800 2842 quodam-

203 2877 368 2928 modo
439 2875 817 2943 amplectitur.
925 2875 1346 2927 Delineavimus
1410 2871 1797 2943 proboscidem

202 2974 368 3028 simul
407 2991 533 3026 cum
569 2974 835 3027 intestino
874 2973 997 3041 Fig.
1038 2976 1089 3028 5.

341 3101 533 3170 Ipsum
569 3100 895 3155 intestinum
933 3110 1112 3156 autem
1152 3096 1355 3171 capitis
1375 3097 1673 3156 cavitatem
1708 3114 1797 3152 re-
