<?xml version="1.0" encoding="UTF-8"?>
<!DOCTYPE html PUBLIC "-//W3C//DTD XHTML 1.0 Transitional//EN"
    "http://www.w3.org/TR/xhtml1/DTD/xhtml1-transitional.dtd">
<html xmlns="http://www.w3.org/1999/xhtml" xml:lang="en" lang="en">
 <head>
  <title>
</title>
<meta http-equiv="Content-Type" content="text/html;charset=utf-8" />
  <meta name='ocr-system' content='tesseract 3.04.00' />
  <meta name='ocr-capabilities' content='ocr_page ocr_carea ocr_par ocr_line ocrx_word'/>
</head>
<body>
  <div class='ocr_page' id='page_1' title='image "./echinorhynchistr00buro_0020.png"; bbox 0 0 2122 3531; ppageno 0'>
   <div class='ocr_carea' id='block_1_1' title="bbox 1104 316 1172 367">
    <p class='ocr_par' dir='ltr' id='par_1_1' title="bbox 1104 316 1172 367">
     <span class='ocr_line' id='line_1_1' title="bbox 1104 316 1172 367; baseline 0 0"><span class='ocrx_word' id='word_1_1' title='bbox 1104 316 1172 367; x_wconf 87' lang='grc'>16</span> 
     </span>
    </p>
   </div>
   <div class='ocr_carea' id='block_1_2' title="bbox 994 384 1275 396">
    <p class='ocr_par' dir='ltr' id='par_1_2' title="bbox 994 384 1275 396">
     <span class='ocr_line' id='line_1_2' title="bbox 994 384 1275 396; baseline 0 3135"><span class='ocrx_word' id='word_1_2' title='bbox 994 384 1275 396; x_wconf 95' lang='lat' dir='ltr'> </span> 
     </span>
    </p>
   </div>
   <div class='ocr_carea' id='block_1_3' title="bbox 336 455 1936 626">
    <p class='ocr_par' dir='ltr' id='par_1_3' title="bbox 336 455 1936 626">
     <span class='ocr_line' id='line_1_3' title="bbox 336 455 1936 526; baseline 0.001 -16"><span class='ocrx_word' id='word_1_3' title='bbox 336 458 649 526; x_wconf 37' lang='lat' dir='ltr'>linquenss</span> <span class='ocrx_word' id='word_1_4' title='bbox 687 465 973 509; x_wconf 86' lang='lat' dir='ltr'>curvatum</span> <span class='ocrx_word' id='word_1_5' title='bbox 1036 456 1317 525; x_wconf 90' lang='lat' dir='ltr'>paululum</span> <span class='ocrx_word' id='word_1_6' title='bbox 1371 455 1444 509; x_wconf 85' lang='lat' dir='ltr'>ad</span> <span class='ocrx_word' id='word_1_7' title='bbox 1499 456 1642 511; x_wconf 88' lang='lat' dir='ltr'>latus</span> <span class='ocrx_word' id='word_1_8' title='bbox 1696 456 1936 512; x_wconf 86' lang='lat' dir='ltr'>inferius</span> 
     </span>
     <span class='ocr_line' id='line_1_4' title="bbox 339 553 1935 626; baseline 0 -16"><span class='ocrx_word' id='word_1_9' title='bbox 339 573 530 610; x_wconf 84' lang='lat' dir='ltr'>versus</span> <span class='ocrx_word' id='word_1_10' title='bbox 582 557 893 623; x_wconf 81' lang='lat' dir='ltr'>invenitur,</span> <span class='ocrx_word' id='word_1_11' title='bbox 943 559 1002 609; x_wconf 89' lang='lat' dir='ltr'>et</span> <span class='ocrx_word' id='word_1_12' title='bbox 1046 556 1195 608; x_wconf 86' lang='lat' dir='ltr'>intra</span> <span class='ocrx_word' id='word_1_13' title='bbox 1231 553 1513 612; x_wconf 85' lang='lat' dir='ltr'>musculos</span> <span class='ocrx_word' id='word_1_14' title='bbox 1549 560 1935 626; x_wconf 83' lang='lat' dir='ltr'>protractores</span> 
     </span>
    </p>
   </div>
   <div class='ocr_carea' id='block_1_4' title="bbox 335 656 610 724">
    <p class='ocr_par' dir='ltr' id='par_1_4' title="bbox 335 656 610 724">
     <span class='ocr_line' id='line_1_5' title="bbox 335 656 610 724; baseline -0.004 -15"><span class='ocrx_word' id='word_1_15' title='bbox 335 656 610 724; x_wconf 85' lang='lat' dir='ltr'><strong>procedit.</strong></span> 
     </span>
    </p>
   </div>
   <div class='ocr_carea' id='block_1_5' title="bbox 321 852 1961 2412">
    <p class='ocr_par' dir='ltr' id='par_1_5' title="bbox 321 852 1961 2412">
     <span class='ocr_line' id='line_1_6' title="bbox 469 852 1940 925; baseline 0.002 -19"><span class='ocrx_word' id='word_1_16' title='bbox 469 853 844 907; x_wconf 87' lang='lat' dir='ltr'>Proboscidis</span> <span class='ocrx_word' id='word_1_17' title='bbox 880 852 1285 922; x_wconf 79' lang='lat' dir='ltr'>longitudinem</span> <span class='ocrx_word' id='word_1_18' title='bbox 1332 854 1457 909; x_wconf 87' lang='lat' dir='ltr'>fere</span> <span class='ocrx_word' id='word_1_19' title='bbox 1513 854 1747 908; x_wconf 85' lang='lat' dir='ltr'>dimidia</span> <span class='ocrx_word' id='word_1_20' title='bbox 1780 859 1940 925; x_wconf 87' lang='lat' dir='ltr'>parte</span> 
     </span>
     <span class='ocr_line' id='line_1_7' title="bbox 330 954 1937 1022; baseline 0.001 -16"><span class='ocrx_word' id='word_1_21' title='bbox 330 957 591 1022; x_wconf 86' lang='lat' dir='ltr'>supe1·at,.</span> <span class='ocrx_word' id='word_1_22' title='bbox 613 959 671 1006; x_wconf 86' lang='lat' dir='ltr'>et</span> <span class='ocrx_word' id='word_1_23' title='bbox 706 970 815 1022; x_wconf 91' lang='lat' dir='ltr'>quo</span> <span class='ocrx_word' id='word_1_24' title='bbox 855 954 1074 1005; x_wconf 24' lang='lat' dir='ltr'>locovin</span> <span class='ocrx_word' id='word_1_25' title='bbox 1108 954 1219 1006; x_wconf 89' lang='lat' dir='ltr'>fine</span> <span class='ocrx_word' id='word_1_26' title='bbox 1251 955 1498 1007; x_wconf 86' lang='lat' dir='ltr'>clausum</span> <span class='ocrx_word' id='word_1_27' title='bbox 1536 971 1659 1008; x_wconf 87' lang='lat' dir='ltr'>esse</span> <span class='ocrx_word' id='word_1_28' title='bbox 1694 955 1937 1022; x_wconf 85' lang='lat' dir='ltr'>videtur,</span> 
     </span>
     <span class='ocr_line' id='line_1_8' title="bbox 329 1052 1936 1123; baseline 0.001 -18"><span class='ocrx_word' id='word_1_29' title='bbox 329 1052 720 1107; x_wconf 85' lang='lat' dir='ltr'>brevissimum</span> <span class='ocrx_word' id='word_1_30' title='bbox 774 1053 1019 1121; x_wconf 86' lang='lat' dir='ltr'>spatium</span> <span class='ocrx_word' id='word_1_31' title='bbox 1076 1054 1145 1107; x_wconf 89' lang='lat' dir='ltr'>ab</span> <span class='ocrx_word' id='word_1_32' title='bbox 1201 1054 1447 1123; x_wconf 86' lang='lat' dir='ltr'>occipite</span> <span class='ocrx_word' id='word_1_33' title='bbox 1504 1058 1779 1106; x_wconf 90' lang='lat' dir='ltr'>remotum</span> <span class='ocrx_word' id='word_1_34' title='bbox 1834 1060 1936 1107; x_wconf 88' lang='lat' dir='ltr'>est.</span> 
     </span>
     <span class='ocr_line' id='line_1_9' title="bbox 328 1131 1936 1221; baseline 0 -16"><span class='ocrx_word' id='word_1_35' title='bbox 328 1153 408 1205; x_wconf 89' lang='lat' dir='ltr'>At</span> <span class='ocrx_word' id='word_1_36' title='bbox 461 1152 714 1206; x_wconf 77' lang='lat' dir='ltr'>laminis</span> <span class='ocrx_word' id='word_1_37' title='bbox 744 1152 944 1205; x_wconf 85' lang='lat' dir='ltr'>vitreis</span> <span class='ocrx_word' id='word_1_38' title='bbox 1005 1168 1385 1220; x_wconf 81' lang='lat' dir='ltr'>compressum</span> <span class='ocrx_word' id='word_1_39' title='bbox 1441 1131 1631 1221; x_wconf 78' lang='lat' dir='ltr'>virgas</span> <span class='ocrx_word' id='word_1_40' title='bbox 1688 1154 1936 1206; x_wconf 82' lang='lat' dir='ltr'>ostendit</span> 
     </span>
     <span class='ocr_line' id='line_1_10' title="bbox 328 1252 1937 1320; baseline 0.001 -17"><span class='ocrx_word' id='word_1_41' title='bbox 328 1252 591 1317; x_wconf 85' lang='lat' dir='ltr'>tenellaS,</span> <span class='ocrx_word' id='word_1_42' title='bbox 649 1268 787 1320; x_wconf 88' lang='lat' dir='ltr'>quas</span> <span class='ocrx_word' id='word_1_43' title='bbox 843 1268 1054 1320; x_wconf 87' lang='lat' dir='ltr'>organa</span> <span class='ocrx_word' id='word_1_44' title='bbox 1110 1252 1221 1303; x_wconf 83' lang='lat' dir='ltr'>alia.</span> <span class='ocrx_word' id='word_1_45' title='bbox 1278 1253 1337 1302; x_wconf 87' lang='lat' dir='ltr'>in</span> <span class='ocrx_word' id='word_1_46' title='bbox 1384 1269 1523 1305; x_wconf 87' lang='lat' dir='ltr'>cavo</span> <span class='ocrx_word' id='word_1_47' title='bbox 1573 1252 1701 1319; x_wconf 89' lang='lat' dir='ltr'>ipso</span> <span class='ocrx_word' id='word_1_48' title='bbox 1751 1253 1937 1319; x_wconf 86' lang='lat' dir='ltr'>posita</span> 
     </span>
     <span class='ocr_line' id='line_1_11' title="bbox 326 1351 1937 1419; baseline 0.001 -18"><span class='ocrx_word' id='word_1_49' title='bbox 326 1369 438 1401; x_wconf 89' lang='lat' dir='ltr'>non</span> <span class='ocrx_word' id='word_1_50' title='bbox 477 1367 597 1403; x_wconf 87' lang='lat' dir='ltr'>esse</span> <span class='ocrx_word' id='word_1_51' title='bbox 632 1353 963 1415; x_wconf 82' lang='lat' dir='ltr'>censuerim,</span> <span class='ocrx_word' id='word_1_52' title='bbox 1021 1354 1077 1403; x_wconf 83' lang='lat' dir='ltr'>et</span> <span class='ocrx_word' id='word_1_53' title='bbox 1131 1368 1297 1419; x_wconf 90' lang='lat' dir='ltr'>quum</span> <span class='ocrx_word' id='word_1_54' title='bbox 1352 1367 1463 1402; x_wconf 93' lang='lat' dir='ltr'>non</span> <span class='ocrx_word' id='word_1_55' title='bbox 1508 1351 1620 1403; x_wconf 90' lang='lat' dir='ltr'>nisi</span> <span class='ocrx_word' id='word_1_56' title='bbox 1658 1367 1937 1419; x_wconf 89' lang='lat' dir='ltr'>compres-</span> 
     </span>
     <span class='ocr_line' id='line_1_12' title="bbox 322 1448 1935 1518; baseline 0.001 -17"><span class='ocrx_word' id='word_1_57' title='bbox 322 1450 481 1501; x_wconf 80' lang='lat' dir='ltr'>sione</span> <span class='ocrx_word' id='word_1_58' title='bbox 537 1448 791 1502; x_wconf 85' lang='lat' dir='ltr'>adhibita</span> <span class='ocrx_word' id='word_1_59' title='bbox 847 1451 1119 1515; x_wconf 78' lang='lat' dir='ltr'>oriantur,</span> <span class='ocrx_word' id='word_1_60' title='bbox 1177 1450 1448 1518; x_wconf 83' lang='lat' dir='ltr'>parietum</span> <span class='ocrx_word' id='word_1_61' title='bbox 1505 1450 1935 1518; x_wconf 84' lang='lat' dir='ltr'>complicatione</span> 
     </span>
     <span class='ocr_line' id='line_1_13' title="bbox 325 1549 1935 1611; baseline 0.001 -12"><span class='ocrx_word' id='word_1_62' title='bbox 325 1550 558 1601; x_wconf 85' lang='lat' dir='ltr'>effectas</span> <span class='ocrx_word' id='word_1_63' title='bbox 597 1549 956 1603; x_wconf 84' lang='lat' dir='ltr'>crediderim.</span> <span class='ocrx_word' id='word_1_64' title='bbox 1035 1549 1162 1611; x_wconf 75' lang='lat' dir='ltr'>Quo</span> <span class='ocrx_word' id='word_1_65' title='bbox 1204 1567 1341 1601; x_wconf 83' lang='lat' dir='ltr'>vero</span> <span class='ocrx_word' id='word_1_66' title='bbox 1397 1549 1524 1600; x_wconf 90' lang='lat' dir='ltr'>loco</span> <span class='ocrx_word' id='word_1_67' title='bbox 1580 1550 1638 1600; x_wconf 92' lang='lat' dir='ltr'>in</span> <span class='ocrx_word' id='word_1_68' title='bbox 1694 1549 1935 1601; x_wconf 87' lang='lat' dir='ltr'>formam</span> 
     </span>
     <span class='ocr_line' id='line_1_14' title="bbox 322 1640 1933 1716; baseline 0.001 -17"><span class='ocrx_word' id='word_1_69' title='bbox 322 1646 723 1716; x_wconf 85' lang='lat' dir='ltr'>hemisphaerii</span> <span class='ocrx_word' id='word_1_70' title='bbox 779 1650 900 1700; x_wconf 86' lang='lat' dir='ltr'>exit</span> <span class='ocrx_word' id='word_1_71' title='bbox 953 1640 1313 1715; x_wconf 80' lang='lat' dir='ltr'>intestinum,</span> <span class='ocrx_word' id='word_1_72' title='bbox 1371 1649 1482 1700; x_wconf 86' lang='lat' dir='ltr'>tria</span> <span class='ocrx_word' id='word_1_73' title='bbox 1534 1665 1751 1700; x_wconf 82' lang='lat' dir='ltr'>annexa</span> <span class='ocrx_word' id='word_1_74' title='bbox 1805 1652 1933 1700; x_wconf 87' lang='lat' dir='ltr'>sunt</span> 
     </span>
     <span class='ocr_line' id='line_1_15' title="bbox 325 1735 1961 1815; baseline 0.001 -18"><span class='ocrx_word' id='word_1_75' title='bbox 325 1745 453 1812; x_wconf 84' lang='lat' dir='ltr'>fila,</span> <span class='ocrx_word' id='word_1_76' title='bbox 505 1751 738 1815; x_wconf 85' lang='lat' dir='ltr'>quorum</span> <span class='ocrx_word' id='word_1_77' title='bbox 780 1748 1054 1812; x_wconf 77' lang='lat' dir='ltr'>medium,</span> <span class='ocrx_word' id='word_1_78' title='bbox 1094 1735 1253 1815; x_wconf 59' lang='lat' dir='ltr'>(Figq</span> <span class='ocrx_word' id='word_1_79' title='bbox 1283 1735 1436 1810; x_wconf 63' lang='lat' dir='ltr'><strong>1.&#39;f.)</strong></span> <span class='ocrx_word' id='word_1_80' title='bbox 1485 1749 1726 1798; x_wconf 78' lang='lat' dir='ltr'>maxime.</span> <span class='ocrx_word' id='word_1_81' title='bbox 1765 1749 1961 1813; x_wconf 81' lang='lat' dir='ltr'>exile‚·</span> 
     </span>
     <span class='ocr_line' id='line_1_16' title="bbox 324 1834 1929 1913; baseline 0.001 -17"><span class='ocrx_word' id='word_1_82' title='bbox 324 1861 449 1896; x_wconf 89' lang='lat' dir='ltr'>cum</span> <span class='ocrx_word' id='word_1_83' title='bbox 490 1847 718 1913; x_wconf 85' lang='lat' dir='ltr'>organis</span> <span class='ocrx_word' id='word_1_84' title='bbox 755 1847 1100 1911; x_wconf 82' lang='lat' dir='ltr'>genitalibus</span> <span class='ocrx_word' id='word_1_85' title='bbox 1138 1834 1418 1907; x_wconf 83' lang='lat' dir='ltr'>cohaeret,</span> <span class='ocrx_word' id='word_1_86' title='bbox 1458 1847 1692 1899; x_wconf 84' lang='lat' dir='ltr'>laterale</span> <span class='ocrx_word' id='word_1_87' title='bbox 1721 1847 1929 1899; x_wconf 85' lang='lat' dir='ltr'>utrum-</span> 
     </span>
     <span class='ocr_line' id='line_1_17' title="bbox 327 1945 1932 2014; baseline 0.002 -20"><span class='ocrx_word' id='word_1_88' title='bbox 327 1961 432 2012; x_wconf 89' lang='lat' dir='ltr'>que</span> <span class='ocrx_word' id='word_1_89' title='bbox 484 1945 632 2011; x_wconf 84' lang='lat' dir='ltr'>(Fig.</span> <span class='ocrx_word' id='word_1_90' title='bbox 673 1948 724 2009; x_wconf 82' lang='lat' dir='ltr'>l,</span> <span class='ocrx_word' id='word_1_91' title='bbox 765 1949 837 2008; x_wconf 73' lang='grc' dir='ltr'>ε.)</span> <span class='ocrx_word' id='word_1_92' title='bbox 896 1946 1123 2013; x_wconf 85' lang='lat' dir='ltr'>organis</span> <span class='ocrx_word' id='word_1_93' title='bbox 1180 1946 1514 2014; x_wconf 80' lang='lat' dir='ltr'>digestionis</span> <span class='ocrx_word' id='word_1_94' title='bbox 1568 1946 1932 1998; x_wconf 83' lang='lat' dir='ltr'>adnumeran-</span> 
     </span>
     <span class='ocr_line' id='line_1_18' title="bbox 323 2043 1930 2114; baseline 0.002 -21"><span class='ocrx_word' id='word_1_95' title='bbox 323 2043 453 2094; x_wconf 78' lang='lat' dir='ltr'>dum</span> <span class='ocrx_word' id='word_1_96' title='bbox 511 2059 634 2095; x_wconf 86' lang='lat' dir='ltr'>esse</span> <span class='ocrx_word' id='word_1_97' title='bbox 689 2044 929 2096; x_wconf 81' lang='lat' dir='ltr'>videtur.</span> <span class='ocrx_word' id='word_1_98' title='bbox 1022 2045 1095 2096; x_wconf 90' lang='lat' dir='ltr'>Et</span> <span class='ocrx_word' id='word_1_99' title='bbox 1147 2046 1327 2097; x_wconf 87' lang='lat' dir='ltr'>tubuli</span> <span class='ocrx_word' id='word_1_100' title='bbox 1385 2045 1610 2114; x_wconf 86' lang='lat' dir='ltr'>quidem</span> <span class='ocrx_word' id='word_1_101' title='bbox 1669 2063 1789 2099; x_wconf 88' lang='lat' dir='ltr'>esse</span> <span class='ocrx_word' id='word_1_102' title='bbox 1843 2046 1930 2098; x_wconf 80' lang='lat' dir='ltr'>vi-</span> 
     </span>
     <span class='ocr_line' id='line_1_19' title="bbox 321 2142 1928 2212; baseline 0.001 -20"><span class='ocrx_word' id='word_1_103' title='bbox 321 2142 551 2208; x_wconf 78' lang='lat' dir='ltr'>dentur,</span> <span class='ocrx_word' id='word_1_104' title='bbox 608 2144 864 2194; x_wconf 83' lang='lat' dir='ltr'>intestini</span> <span class='ocrx_word' id='word_1_105' title='bbox 921 2144 1220 2195; x_wconf 79' lang='lat' dir='ltr'>cavitatem</span> <span class='ocrx_word' id='word_1_106' title='bbox 1279 2144 1700 2206; x_wconf 75' lang='lat' dir='ltr'>continuante53</span> <span class='ocrx_word' id='word_1_107' title='bbox 1755 2161 1928 2212; x_wconf 89' lang='lat' dir='ltr'>quan-</span> 
     </span>
     <span class='ocr_line' id='line_1_20' title="bbox 321 2241 1928 2310; baseline 0.001 -18"><span class='ocrx_word' id='word_1_108' title='bbox 321 2258 504 2308; x_wconf 82' lang='lat' dir='ltr'>quam,</span> <span class='ocrx_word' id='word_1_109' title='bbox 546 2241 697 2309; x_wconf 88' lang='lat' dir='ltr'>quod</span> <span class='ocrx_word' id='word_1_110' title='bbox 734 2246 1075 2293; x_wconf 86' lang='lat' dir='ltr'>structuram</span> <span class='ocrx_word' id='word_1_111' title='bbox 1123 2242 1348 2307; x_wconf 78' lang='lat' dir='ltr'>attinet,</span> <span class='ocrx_word' id='word_1_112' title='bbox 1408 2244 1673 2294; x_wconf 85' lang='lat' dir='ltr'>musculis</span> <span class='ocrx_word' id='word_1_113' title='bbox 1728 2244 1928 2310; x_wconf 89' lang='lat' dir='ltr'>probo-</span> 
     </span>
     <span class='ocr_line' id='line_1_21' title="bbox 327 2340 1925 2412; baseline 0.003 -22"><span class='ocrx_word' id='word_1_114' title='bbox 327 2340 541 2390; x_wconf 88' lang='lat' dir='ltr'>scidem</span> <span class='ocrx_word' id='word_1_115' title='bbox 580 2341 931 2393; x_wconf 84' lang='lat' dir='ltr'>moventibus</span> <span class='ocrx_word' id='word_1_116' title='bbox 968 2340 1117 2391; x_wconf 87' lang='lat' dir='ltr'>haud</span> <span class='ocrx_word' id='word_1_117' title='bbox 1158 2340 1462 2394; x_wconf 86' lang='lat' dir='ltr'>dissimiles</span> <span class='ocrx_word' id='word_1_118' title='bbox 1500 2343 1681 2409; x_wconf 89' lang='lat' dir='ltr'>primo</span> <span class='ocrx_word' id='word_1_119' title='bbox 1720 2342 1925 2412; x_wconf 87' lang='lat' dir='ltr'>intuitu</span> 
     </span>
    </p>
   </div>
   <div class='ocr_carea' id='block_1_6' title="bbox 318 2443 644 2507">
    <p class='ocr_par' dir='ltr' id='par_1_6' title="bbox 318 2443 644 2507">
     <span class='ocr_line' id='line_1_22' title="bbox 318 2443 644 2507; baseline -0.003 -17"><span class='ocrx_word' id='word_1_120' title='bbox 318 2443 606 2507; x_wconf 84' lang='lat' dir='ltr'>apparent.</span> <span class='ocrx_word' id='word_1_121' title='bbox 640 2450 644 2453; x_wconf 84' lang='grc'><em>·</em></span> 
     </span>
    </p>
   </div>
   <div class='ocr_carea' id='block_1_7' title="bbox 320 2637 1925 3203">
    <p class='ocr_par' dir='ltr' id='par_1_7' title="bbox 320 2637 1925 3203">
     <span class='ocr_line' id='line_1_23' title="bbox 462 2637 1925 2706; baseline 0.001 -18"><span class='ocrx_word' id='word_1_122' title='bbox 462 2638 759 2689; x_wconf 87' lang='lat' dir='ltr'>Paululum</span> <span class='ocrx_word' id='word_1_123' title='bbox 801 2638 1101 2691; x_wconf 83' lang='lat' dir='ltr'>divaricati</span> <span class='ocrx_word' id='word_1_124' title='bbox 1157 2655 1329 2706; x_wconf 89' lang='lat' dir='ltr'>usque</span> <span class='ocrx_word' id='word_1_125' title='bbox 1375 2637 1447 2690; x_wconf 88' lang='lat' dir='ltr'>ad</span> <span class='ocrx_word' id='word_1_126' title='bbox 1503 2637 1746 2691; x_wconf 90' lang='lat' dir='ltr'>medium</span> <span class='ocrx_word' id='word_1_127' title='bbox 1800 2656 1925 2690; x_wconf 88' lang='lat' dir='ltr'>cor-</span> 
     </span>
     <span class='ocr_line' id='line_1_24' title="bbox 321 2737 1920 2805; baseline 0 -17"><span class='ocrx_word' id='word_1_128' title='bbox 321 2752 424 2805; x_wconf 87' lang='lat' dir='ltr'>pus</span> <span class='ocrx_word' id='word_1_129' title='bbox 461 2737 836 2804; x_wconf 87' lang='lat' dir='ltr'>cylindricum</span> <span class='ocrx_word' id='word_1_130' title='bbox 874 2738 1205 2803; x_wconf 86' lang='lat' dir='ltr'>perveniunt</span> <span class='ocrx_word' id='word_1_131' title='bbox 1256 2737 1450 2805; x_wconf 89' lang='lat' dir='ltr'>ibique</span> <span class='ocrx_word' id='word_1_132' title='bbox 1499 2738 1761 2790; x_wconf 87' lang='lat' dir='ltr'>laterales</span> <span class='ocrx_word' id='word_1_133' title='bbox 1798 2755 1920 2788; x_wconf 90' lang='lat' dir='ltr'>cum</span> 
     </span>
     <span class='ocr_line' id='line_1_25' title="bbox 320 2827 1915 2904; baseline 0.002 -19"><span class='ocrx_word' id='word_1_134' title='bbox 320 2827 710 2904; x_wconf 82' lang='lat' dir='ltr'>integumentis</span> <span class='ocrx_word' id='word_1_135' title='bbox 766 2836 1111 2899; x_wconf 82' lang='lat' dir='ltr'>coalescunt,</span> <span class='ocrx_word' id='word_1_136' title='bbox 1188 2836 1327 2889; x_wconf 88' lang='lat' dir='ltr'>duos</span> <span class='ocrx_word' id='word_1_137' title='bbox 1390 2836 1697 2890; x_wconf 85' lang='lat' dir='ltr'>formantes</span> <span class='ocrx_word' id='word_1_138' title='bbox 1763 2854 1915 2888; x_wconf 80' lang='lat' dir='ltr'>anos,</span> 
     </span>
     <span class='ocr_line' id='line_1_26' title="bbox 323 2933 1917 3005; baseline 0.003 -22"><span class='ocrx_word' id='word_1_139' title='bbox 323 2933 505 2994; x_wconf 76' lang='lat' dir='ltr'>Quam</span> <span class='ocrx_word' id='word_1_140' title='bbox 546 2935 764 3003; x_wconf 87' lang='lat' dir='ltr'>quidem</span> <span class='ocrx_word' id='word_1_141' title='bbox 808 2937 1151 3003; x_wconf 83' lang='lat' dir='ltr'>opinionem,</span> <span class='ocrx_word' id='word_1_142' title='bbox 1200 2935 1789 3005; x_wconf 75' lang='lat' dir='ltr'>quanquam&#39;maxime</span> <span class='ocrx_word' id='word_1_143' title='bbox 1826 2952 1917 2988; x_wconf 85' lang='lat' dir='ltr'>ve-</span> 
     </span>
     <span class='ocr_line' id='line_1_27' title="bbox 324 3030 1924 3101; baseline 0.001 -18"><span class='ocrx_word' id='word_1_144' title='bbox 324 3034 578 3085; x_wconf 84' lang='lat' dir='ltr'>risimilis</span> <span class='ocrx_word' id='word_1_145' title='bbox 616 3030 755 3085; x_wconf 88' lang='lat' dir='ltr'>mihi</span> <span class='ocrx_word' id='word_1_146' title='bbox 792 3051 915 3087; x_wconf 89' lang='lat' dir='ltr'>esse</span> <span class='ocrx_word' id='word_1_147' title='bbox 953 3035 1200 3094; x_wconf 80' lang='lat' dir='ltr'>videtur,</span> <span class='ocrx_word' id='word_1_148' title='bbox 1258 3039 1441 3088; x_wconf 87' lang='lat' dir='ltr'>tamen</span> <span class='ocrx_word' id='word_1_149' title='bbox 1498 3050 1600 3101; x_wconf 92' lang='lat' dir='ltr'>pro</span> <span class='ocrx_word' id='word_1_150' title='bbox 1647 3034 1811 3085; x_wconf 83' lang='lat' dir='ltr'>certa</span> <span class='ocrx_word' id='word_1_151' title='bbox 1837 3033 1924 3085; x_wconf 78' lang='lat' dir='ltr'>af-&#39;</span> 
     </span>
     <span class='ocr_line' id='line_1_28' title="bbox 325 3128 1920 3203; baseline 0 -21"><span class='ocrx_word' id='word_1_152' title='bbox 325 3128 552 3183; x_wconf 85' lang='lat' dir='ltr'>firmare</span> <span class='ocrx_word' id='word_1_153' title='bbox 607 3147 715 3184; x_wconf 84' lang='lat' dir='ltr'>non</span> <span class='ocrx_word' id='word_1_154' title='bbox 772 3129 1022 3201; x_wconf 83' lang='lat' dir='ltr'>possum,</span> <span class='ocrx_word' id='word_1_155' title='bbox 1081 3150 1245 3203; x_wconf 87' lang='lat' dir='ltr'>quum</span> <span class='ocrx_word' id='word_1_156' title='bbox 1302 3129 1554 3202; x_wconf 78' lang='lat' dir='ltr'>propter</span> <span class='ocrx_word' id='word_1_157' title='bbox 1589 3148 1920 3201; x_wconf 85' lang='lat' dir='ltr'>organorum</span> 
     </span>
    </p>
   </div>
  </div>
 </body>
</html>
