2122 3531
1098 302 1223 371 24¹

332 445 439 496 mal
480 445 778 498 tenerrimo
815 461 946 498 acus
985 446 1236 496 acumine
1275 444 1630 498 scarificatur
1667 447 1758 498 vel
1791 463 1926 515 pun-

334 545 500 613 gitur,
540 561 765 613 magnus
802 545 985 598 statim
1023 561 1281 598 numerus
1318 560 1548 597 ovorum
1586 545 1846 614 erumpit.

495 744 627 812 Ipsa
684 761 814 804 ova,
870 745 1247 798 maturitatem
1304 745 1509 815 adepta
1553 761 1623 792 =
1667 743 1925 810 o,0126“‘

334 842 498 910 longa
527 847 582 894 et
617 842 735 894 sere
774 844 1023 909 0,0035¹¹‘
1059 875 1129 883 —-
1164 844 1385 910 0,004“‘
1425 846 1544 896 lata
1585 847 1727 907 sunt,
1766 861 1925 911 prae-

324 945 487 994 terea
539 941 596 992 in
652 942 873 994 modum
927 945 1272 1012 globulorum
1312 943 1794 1012 sanguinis‘valde
1832 941 1926 994 de-

331 1057 527 1107 pressa
562 1044 705 1106 sunt,
748 1046 804 1093 ut
840 1044 897 1094 in
923 1045 1168 1112 margine
1207 1043 1387 1111 posita
1410 1060 1569 1112 quam
1593 1042 1922 1094 tenerrimas

330 1138 506 1191 lineas
560 1138 790 1207 fingant,
850 1159 992 1210 quae
1049 1144 1107 1194 in
1147 1143 1327 1195 media
1366 1148 1522 1211 parte
1561 1142 1708 1194 haud
1749 1142 1921 1192 multo

329 1242 459 1288 sunt
496 1240 821 1293 crassiores,
877 1242 1313 1309 Distinguuntur
1349 1243 1407 1292 in
1444 1242 1599 1294 hisce
1637 1242 1760 1292 ovis
1798 1242 1925 1308 per-

332 1335 516 1388 lucide
553 1341 664 1388 tres
704 1340 973 1393 cuticulae
995 1341 1139 1408 (Fig.
1161 1343 1216 1407 4,
1236 1361 1284 1399 α,
1305 1343 1359 1407 β,
1381 1344 1454 1410 y.)
1491 1358 1719 1408 quarum
1741 1356 1929 1409 quam-

330 1452 437 1502 que
475 1436 637 1503 plane
675 1455 795 1490 esse
834 1442 1183 1492 terminatam
1222 1457 1293 1492 ex
1331 1457 1396 1492 eo
1436 1441 1714 1505 cernitur,
1776 1439 1929 1507 quod

332 1533 535 1600 fluida,
592 1538 730 1603 ipsis
769 1539 984 1591 inclusa
1021 1540 1296 1592 diversam
1334 1539 1540 1592 habent
1575 1539 1927 1607 pellucidita-

330 1638 459 1684 tem.
528 1634 686 1698 Quae
724 1642 1006 1690 extremae
1044 1640 1158 1691 cuti
1196 1640 1450 1706 proxima
1487 1642 1592 1704 est,
1631 1637 1927 1689 admodum

330 1734 551 1800 paulum
604 1737 673 1787 ab
731 1754 796 1788 ea
851 1738 1050 1798 distat,
1107 1742 1284 1805 majus
1340 1742 1520 1789 autem
1567 1737 1927 1788 intervallum

331 1836 415 1883 est
469 1834 617 1884 inter
668 1837 965 1887 secundam
1004 1836 1149 1903 (Fig.
1188 1839 1238 1889 4.
1276 1839 1354 1902 β.)
1408 1841 1462 1888 et
1517 1836 1739 1886 tertiam
1779 1836 1924 1902 (Fig.

331 1932 381 1983 4.
420 1935 492 2000 y.)
530 1950 670 2000 quae
708 1937 1082 2002 comparanda
1131 1940 1215 1988 est
1251 1953 1373 1987 cum
1415 1935 1618 1988 amni0.
1696 1935 1762 1986 In
1799 1935 1923 2002 ipso

331 2031 516 2081 amnio
553 2049 826 2098 gratiosae
863 2036 1130 2086 materiae
1177 2035 1494 2103 colorisque
1531 2034 1708 2102 magis
1746 2034 1925 2101 nigri-

332 2130 513 2181 cantis
551 2133 783 2200 embryo
821 2134 983 2186 inest,
1024 2134 1189 2200 quiin
1212 2133 1526 2184 immaturis
1547 2136 1668 2185 ovis
1690 2139 1772 2185 est
1793 2150 1923 2184 ova-

331 2231 438 2292 ωε,
476 2229 533 2279 in
571 2231 805 2282 maturis
841 2231 1005 2281 cunei
1042 2231 1276 2282 formam
1313 2231 1500 2282 habet.
1557 2231 1704 2298 (Fig.
1742 2233 1793 2283 4.
1833 2230 1921 2293 (X).

329 2326 493 2377 Licet
547 2326 639 2378 hic
693 2330 999 2396 adjiciatur
1035 2347 1141 2382 ova
1181 2335 1542 2382 entozoorum
1581 2330 1755 2380 multo
1795 2347 1921 2396 per-

330 2425 623 2477 fectiorem
662 2425 867 2478 habere
922 2428 1290 2493 costitionem,
1346 2444 1507 2494 quam
1546 2426 1786 2479 fortasse
1827 2445 1921 2494 pu-

329 2526 494 2575 tatur.
571 2524 666 2577 Sic
705 2542 752 2577 e.
790 2543 841 2592 g.
880 2526 938 2575 in
977 2527 1099 2577 ovis
1134 2527 1282 2578 vivis
1317 2527 1624 2577 taeniarum
1663 2527 1921 2594 embryo-

329 2640 449 2673 nem
507 2623 624 2675 vidi
680 2626 903 2693 proprie
959 2623 1288 2684 formatum,
1348 2624 1443 2692 qui
1483 2625 1595 2675 tria
1632 2625 1789 2691 paria
1828 2640 1917 2674 ra-

328 2721 613 2772 stellorum
654 2723 989 2774 extendebat
1027 2723 1268 2773 invicem
1307 2727 1360 2773 et
1400 2721 1780 2783 contrahebat,
1820 2739 1919 2773 cu-

325 2822 528 2888 jusque
579 2822 796 2874 amnion
847 2822 905 2872 in
960 2821 1099 2872 duos
1149 2821 1336 2871 culeos
1373 2818 1567 2888 longos
1606 2820 1762 2880 exiit,
1818 2821 1915 2886 qui

332 2919 651 2985 angustiora
714 2923 805 2974 ovi
873 2921 1048 2973 latera
1111 2935 1306 2973 versus
1357 2920 1498 2971 mire
1552 2923 1712 2971 erant
1765 2935 1912 2971 com-

330 3016 542 3086 plicati.
