2122 3531
973 298 1041 344 23

218 432 446 500 poribus
484 433 739 487 formatis
784 435 933 504 (Fig.
974 441 1020 488 l.
1060 437 1123 497 i.)
1158 439 1270 486 tum
1308 432 1646 486 infundibuli
1695 433 1811 485 for-

218 550 359 583 mam
399 534 654 599 imitans,
700 552 861 587 anum
898 551 1091 587 versus
1129 534 1382 586 animalis
1420 535 1537 586 exit
1575 533 1722 598 (Fig.
1762 537 1805 584 le

214 630 296 689 k.)
336 641 390 682 et
427 633 506 682 ibi
542 650 708 685 sexus
748 635 1035 685 muliebris
1053 634 1291 701 genitale
1328 632 1624 702 componit,
1662 630 1808 699 quod

222 730 552 799 Cloquetius
590 734 772 786 evolvi
813 750 974 801 posse
1011 734 1268 786 ostendit.

359 929 612 999 Saepius,
650 935 706 982 et
741 931 799 983 in
837 935 1011 992 utem,
1052 935 1108 984 et
1144 933 1201 983 in
1239 931 1525 995 oviductu‚
1575 929 1721 996 (Fig.
1762 934 1808 980 l.

214 1031 277 1091 l.)
314 1032 408 1097 qui
445 1048 506 1083 se
544 1048 666 1083 cum
708 1031 806 1081 illo
828 1033 1134 1099 conjungit,
1173 1049 1278 1083 ova
1297 1030 1664 1082 animadverti
1686 1044 1812 1079 evo-

219 1131 353 1194 luta,
403 1135 461 1181 ut
497 1131 645 1180 viam
684 1132 1010 1190 naturalem,
1067 1147 1176 1198 qua
1213 1136 1414 1181 exeant
1457 1130 1568 1188 illa,
1626 1131 1813 1195 poste-

215 1229 332 1279 rius
371 1228 638 1279 animalis*
664 1246 785 1281 esse
834 1229 1086 1280 foramen
1136 1231 1256 1280 sine
1305 1229 1418 1279 ulla
1466 1226 1813 1276 dubitatione

215 1326 554 1378 confirmem.
628 1327 825 1397 Neque
848 1346 979 1380 vero
1015 1329 1191 1380 solum
1231 1327 1366 1378 mihi
1404 1326 1640 1393 contigit
1677 1341 1812 1374 nun-

217 1443 412 1492 quam,
472 1432 528 1476 ut
583 1443 689 1478 ova
736 1429 859 1478 nisu
910 1428 1149 1495 quodam
1200 1444 1270 1477 ex
1309 1425 1646 1494 proboscide
1684 1440 1814 1490 pos*a

217 1542 336 1576 sem
374 1527 708 1593 exprimere,
758 1527 858 1579 sed
896 1528 1065 1578 etiam
1103 1527 1265 1593 plane
1313 1525 1618 1593 negandum
1659 1522 1815 1573 vide-2

216 1629 309 1676 tur
343 1642 466 1677 esse
504 1625 611 1676 hoc
651 1627 947 1693 posseullo
968 1625 1292 1688 modovfierss
1340 1631 1394 1674 et
1416 1626 1547 1691 quia
1566 1623 1815 1672 foramen

224 1724 370 1774 aciei
393 1726 748 1790 proboscidis
768 1727 939 1776 multo
964 1731 1048 1775 est
1070 1725 1470 1791 exiguiusovis
1490 1720 1559 1773 ad
1583 1720 1813 1770 matun-32

221 1828 393 1874 tatem
432 1825 697 1891 gestatis,
740 1829 796 1876 et
834 1824 981 1892 quod
1018 1824 1088 1875 ad
1112 1839 1304 1874 cavum
1329 1839 1401 1873 ex
1423 1821 1564 1884 loco,
1607 1835 1713 1884 quo
1738 1816 1819 1866 fe-

222 1927 424 1973 runtur
442 1940 564 1983 ova,
597 1924 782 1976 exitus
805 1923 1176 1973 demonstrari
1198 1938 1306 1971 non
1331 1924 1529 1986 potest.
1575 1917 1702 1968 Ova
1726 1934 1818 1981 po-

227 2022 360 2087 tius,
385 2039 618 2089 quorum
647 2021 953 2088 descriptio
975 2038 1105 2072 mox
1127 2025 1409 2087 sequetur,
1429 2022 1627 2084 aperto
1657 2021 1813 2065 utero

228 2126 469 2187 recepta,
510 2123 566 2170 in
606 2120 928 2171 oviductum
952 2121 1281 2187 perveniunt
1301 2124 1357 2169 et
1381 2137 1410 2168 e
1430 2117 1702 2167 foramine
1728 2131 1818 2181 ge-

221 2220 381 2272 nitali
404 2231 624 2271 exeunt.
663 2220 787 2270 Etsi
818 2219 962 2269 enim
983 2217 1232 2283 Roianus
1256 2219 1313 2267 in
1334 2212 1818 2282 Echinoi·hyncho

222 2317 462 2383 Gigante
488 2319 739 2368 ovarium
764 2334 900 2378 esse,
940 2318 1257 2368 membrana
1286 2313 1704 2375 circumdatum,
1728 2311 1824 2362 de-

222 2419 584 2480 monstravit,
641 2423 824 2469 tamen
864 2434 974 2467 non
1014 2419 1199 2484 potest
1238 2414 1503 2478 dubitari,
1564 2412 1695 2479 quin
1734 2424 1820 2460 to-

224 2520 340 2564 tum
380 2516 646 2582 corporis
675 2520 901 2565 antrum
933 2516 1225 2564 internum.
1250 2513 1308 2561 in
1345 2507 1820 2576 Echinorhyncho

222 2618 500 2665 strumoso
556 2616 680 2665 ovis
736 2613 811 2664 sit
864 2613 1173 2680 impletum,
1251 2626 1391 2678 quae
1446 2608 1599 2659 nulla
1655 2625 1823 2658 mem-

225 2716 396 2764 brana
433 2717 775 2764 coercentur.
851 2712 980 2763 Hoc
1017 2729 1089 2763 ex
1127 2727 1192 2762 eo
1233 2712 1407 2777 patet,
1448 2706 1613 2774 quod,
1652 2708 1699 2758 si
1739 2706 1819 2758 fe-

220 2813 367 2863 mina
403 2811 614 2862 duabus
651 2811 872 2871 laminis
907 2810 1102 2862 vitreis
1141 2807 1554 2874 comprimitur,
1602 2823 1817 2872 quaque

224 2913 483 2978 corporis
520 2915 681 2978 parte
718 2928 824 2963 ova
871 2910 1111 2962 diversis
1160 2906 1423 2974 gradibus
1461 2905 1654 2956 adulta
1696 2922 1809 2970 penu

224 3013 425 3063 lucent.
499 3013 708 3063 Totum
746 3014 914 3077 caput
949 3009 1231 3076 globosum
1285 3004 1674 3055 innumerabiii
1727 3022 1814 3052 eo-

225 3128 342 3162 rum
378 3111 728 3163 multitudine
767 3109 1029 3162 refertum
1067 3112 1172 3173 est,
1212 3110 1267 3159 et
1303 3105 1351 3158 si
1392 3123 1500 3172 quo
1542 3105 1663 3156 loco
1698 3105 1815 3156 uui-

1362 3206 1441 3257 2*
