2122 3531
1080 299 1149 353 2o

316 447 581 501 intestino
649 444 914 498 crassiori
982 446 1304 509 conjuncta,
1377 446 1501 514 ipsa
1565 444 1765 498 huicce
1815 428 1909 498 or-

314 564 455 613 gano
493 545 685 597 affixa„
786 542 913 604 Qua
966 543 1186 609 quidem
1245 543 1303 594 in
1360 546 1675 597 membrana.
1729 550 1910 598 inre-

309 647 472 714 gione
518 643 784 694 intestino
823 641 1010 694 vicina
1046 647 1285 710 quatuor
1334 643 1491 710 paria
1535 646 1910 697 vesicularum

315 745 676 795 inveniuntur
723 740 869 807 (Fig.
910 741 960 805 7,
1010 742 1063 806 b,
1115 741 1181 806 b‘,
1231 741 1315 806 bn,
1366 743 1492 804 hm).
1550 741 1760 809 duplici
1815 760 1910 795 ve-

315 844 448 895 stita
486 840 729 894 cuticula
765 838 958 891 fluidis
994 840 1228 908 impleta
1263 834 1418 894 varie
1456 840 1673 905 tinctis,
1714 842 1793 892 ita
1827 847 1908 892 ta-

313 959 453 1002 men,
492 946 553 993 ut
592 940 752 990 binae
789 938 1069 991 vesiculae
1107 919 1338 991 eundem
1378 939 1678 1005 praebeant
1714 939 1913 1007 adspe-

312 1045 479 1093 ctum.
554 1037 819 1088 Folliculi
860 1039 1019 1104 quasi
1059 1054 1181 1089 esse
1219 1037 1506 1104 videntur,
1561 1056 1793 1107 quorum
1834 1039 1912 1089 al-

314 1143 403 1189 ter
440 1139 676 1190 alterum
713 1137 771 1186 in
827 1152 888 1188 se
942 1138 1218 1200 continet,
1277 1153 1623 1206 quorumque
1678 1136 1913 1204 superfi-

318 1240 431 1289 cies
497 1241 733 1288 externa
799 1251 908 1286 non
977 1236 1159 1287 minus
1225 1235 1421 1301 glabra
1488 1224 1618 1287 esse*
1668 1237 1911 1300 videtur,

317 1354 479 1405 quam
536 1337 775 1385 interna.
866 1335 945 1385 Et
997 1333 1167 1385 hasce
1222 1334 1500 1386 vesiculas
1557 1351 1765 1403 organa
1818 1334 1915 1385 ha-

314 1435 526 1488 buerim
577 1432 810 1485 testibus
856 1433 1106 1500 analoga.
1181 1433 1404 1485 Ductus
1448 1436 1660 1495 autem,
1717 1434 1916 1499 quibus

317 1534 568 1601 singulae
600 1532 889 1600 praeditae
919 1537 1066 1598 sunt,
1106 1532 1166 1582 in
1198 1532 1371 1584 latere
1403 1536 1644 1599 utroque
1672 1532 1730 1581 in
1751 1549 1917 1582 unum

317 1632 631 1700 conjuncti,
685 1633 744 1682 in
793 1631 1025 1698 regione
1072 1632 1443 1683 vesicularum
1483 1631 1755 1682 inferiore
1802 1633 1918 1698 pri-

319 1750 463 1782 mum
519 1732 578 1781 in
634 1729 871 1780 formam
929 1731 1115 1797 anguli
1167 1729 1301 1781 flexi
1362 1730 1507 1796 (Fig.
1558 1731 1610 1793 ’7,
1662 1733 1734 1791 c.)
1789 1730 1920 1780 bina

322 1829 620 1882 ostendunt
654 1844 790 1880 vasa
826 1827 1160 1895 deferentia,
1201 1828 1347 1895 (Fig.
1373 1828 1421 1891 7,
1446 1827 1524 1890 d.)
1563 1846 1722 1896 quae,
1761 1833 1920 1896 parte

322 1929 636 1998 posteriore
676 1927 935 1987 dilatata,
996 1927 1275 1978 vesiculas
1330 1926 1576 1978 formant
1630 1928 1921 1979 seminales

321 2030 469 2095 (Fig.
509 2028 563 2093 7,
611 2030 680 2090 e).
767 2025 974 2076 Iterum
1033 2042 1154 2078 sese
1209 2030 1532 2092 coarctant,
1588 2027 1806 2104 ipsique
1861 2024 1921 2076 hi

322 2127 520 2178 ductus
560 2110 931 2191 eJaculatorii,
973 2141 1111 2191 quos
1149 2123 1392 2174 formant
1429 2140 1491 2175 se
1529 2125 1768 2175 invicem
1790 2138 1920 2174 con-

319 2228 621 2293 jungentes
658 2227 715 2273 in
758 2221 992 2273 formam
1021 2233 1322 2290 campanae
1361 2238 1420 2273 se
1458 2221 1786 2287 extendunt,
1826 2238 1921 2273 cu-

322 2328 415 2391 jus
453 2315 645 2389 margo
684 2321 925 2372 inferior
973 2319 1286 2372 fimbriatus
1338 2319 1397 2370 in
1435 2321 1736 2373 arctiorem
1775 2321 1920 2374 viam

327 2421 450 2474 exit
487 2421 635 2489 (Fig.
672 2419 722 2485 7,
761 2422 838 2487 g.)
876 2434 1038 2471 anum
1075 2434 1271 2472 versus
1308 2419 1580 2471 animalis·

467 2620 623 2690 Tota
669 2615 953 2685 posterior
1009 2615 1174 2684 hujus
1229 2619 1527 2685 apparatus
1579 2632 1738 2684 pai-S,
1806 2613 1923 2667 for-

330 2705 474 2770 mam
524 2725 824 2784 campanae
861 2714 1188 2778 referentis‚
1247 2716 1433 2766 evolvi
1480 2720 1688 2782 potest,
1740 2718 1920 2780 atque,

331 2822 393 2868 ut
430 2815 675 2883 Bojanus
723 2813 783 2865 in
820 2811 1298 2882 Echinorhyncho
1337 2814 1576 2881 Gigante
1610 2813 1924 2880 *uesci-ipsit

335 2914 714 2982 depinxitque‚
753 2917 1040 2967 externum
1077 2910 1285 2966 format
1321 2914 1620 2967 membrum
1659 2911 1918 2980 genitale.

938 3157 1341 3181 ψ
