2122 3531
1108 309 1176 354 22

484 447 588 498 Ubi
663 449 822 496 ambo
893 445 1146 495 intestini
1216 462 1381 497 crura
1447 462 1682 514 superae
1761 447 1934 515 hujus

343 548 489 613 parti
529 562 587 596 se
625 547 936 611 injungunt,
977 545 1107 594 inde
1146 545 1295 595 linea
1332 545 1516 597 media
1555 546 1626 595 ad
1665 549 1933 613 posticam

339 645 486 712 (Fig‚
529 649 575 696 1.
619 641 687 707 f.)
725 643 979 694 animalis
1018 647 1232 711 partem
1253 644 1493 695 ducitur.
1544 644 1793 696 Medium
1815 646 1937 698 sere

343 762 464 795 cum
506 741 757 811 corporis
795 742 1054 794 animalis
1085 743 1389 810 cylindrici
1417 746 1513 794 est
1532 750 1801 810 assecuta,
1840 746 1939 796 fle-

342 860 471 895 xum
510 841 809 908 componit,
849 839 1084 891 sormam
1126 842 1320 893 literae
1344 841 1401 897 S.
1437 840 1769 894 referentem
1788 845 1936 913 (Fig.

341 948 387 994 1.
441 942 527 1006 ff)
576 948 803 1008 tumque
860 956 919 991 se
956 940 1026 990 ad
1067 943 1370 1008 marginem
1423 940 1686 1009 applicat.
1738 946 1932 1010 organi

339 1056 638 1109 campanae
678 1039 900 1091 similis.
926 1039 1087 1108 ³(Fig.
1129 1045 1179 1092 l.
1219 1043 1298 1107 g.)

478 1252 606 1304 Hoc
643 1268 906 1319 organon,
946 1252 1095 1320 quod
1132 1254 1348 1304 uterum
1369 1252 1413 1316 ⁴¹)
1451 1253 1767 1319 nominab0‚
1806 1254 1937 1305 dex*

338 1355 579 1404 trorsum
637 1354 694 1401 et
748 1352 1128 1403 sinistrorsum
1187 1370 1217 1403 e
1255 1352 1374 1419 lege
1410 1354 1770 1420 symmetriae
1824 1354 1938 1406 for-

335 1456 540 1503 matum
581 1467 752 1519 supra
789 1455 1062 1519 apertum,
1102 1467 1206 1503 nec
1244 1468 1366 1502 cum
1407 1452 1522 1502 ulla
1563 1455 1719 1518 parte
1747 1451 1938 1504 vicina

340 1555 688 1620 conjunctum
730 1555 840 1615 est,
898 1555 1065 1618 atque
1115 1549 1389 1602 inferiore
1428 1552 1740 1617 posteriore
1779 1556 1936 1618 parte

338 1649 446 1703 duo
486 1650 650 1702 habet
687 1650 1270 1716 dive1·ticula“(Fig.l.
1309 1654 1390 1716 g*.
1435 1653 1488 1700 et
1508 1649 1630 1715 Fig.
1671 1652 1720 1701 6.
1762 1650 1836 1711 b.)
1859 1650 1937 1700 la-

337 1749 552 1802 feralia.
629 1748 985 1815 Superiorem
1018 1750 1319 1815 marginem
1343 1748 1490 1814 (Fig.
1516 1750 1564 1799 6.
1604 1751 1679 1810 a.)
1699 1748 1936 1798 liberum

336 1866 458 1901 esse
514 1850 808 1917 perspicue
863 1847 1001 1913 vidi,
1047 1863 1236 1914 ‘neque
1291 1845 1559 1897 adhibitis
1614 1848 1930 1914 pigmentiS,

336 1967 476 2018 quae
516 1947 780 2000 suadente
818 1946 1044 1998 Zedero
1084 1946 1229 1997 nudo
1268 1963 1476 2014 organo
1515 1946 1801 2011 instillavi,
1839 1962 1934 1998 ve-

336 2051 561 2118 stigium
600 2048 770 2099 ullum
808 2046 1087 2099 cuticulae
1114 2044 1479 2099 adhaerentis
1515 2046 1789 2114 apparuit.

477 2259 640 2312 Infra
672 2261 851 2311 autem
882 2259 1201 2310 coarctatus
1226 2259 1413 2309 uterus
1462 2258 1518 2306 in
1558 2255 1929 2307 canaliculum

337 2360 699 2413 tenerrimum
755 2361 1017 2421 mutatur,
1055 2357 1202 2423 (Fig.
1245 2361 1292 2407 l.
1331 2344 1413 2417 h’.)
1470 2358 1564 2423 qui
1603 2355 1766 2422 paulo
1805 2359 1932 2405 ante

339 2460 704 2529 posteriorem
742 2455 995 2508 animalis
1033 2458 1262 2523 partem,
1294 2452 1513 2505 >duobus
1536 2453 1786 2519 ,globosis
1808 2468 1932 2504 cor-

472 2770 515 2823 *ὶ
547 2769 716 2837 Longe
751 2783 862 2813 vero
899 2765 1079 2821 absum,
1114 2771 1165 2809 ut
1197 2762 1291 2808 hoc
1327 2778 1544 2825 organon
1563 2769 1696 2808 utero
1722 2759 1852 2807 omni
1871 2774 1931 2807 ex

344 2869 476 2921 parte
511 2861 669 2907 simile
704 2874 1064 2912 essecenseam,
1101 2872 1206 2901 cum
1231 2871 1318 2900 ova
1335 2871 1419 2915 per
1439 2854 1730 2915 aliquantum
1752 2860 1931 2912 tempo-

341 2953 408 2997 ris
446 2952 493 2998 in
531 2970 587 2998 eo
625 2966 918 2997 commorare
955 2958 1002 2995 et
1038 2964 1249 2994 crescere
1269 2963 1364 2993 non
1385 2962 1526 3007 posse
1552 2945 1814 2997 videantur,
1836 2941 1932 2988 nisi

344 3046 469 3090 forte
488 3044 645 3104 parvis
680 3046 781 3103 ejus
817 3041 1112 3088 diverticulis
1147 3041 1391 3096 ambobus,
1443 3039 1493 3084 in
1544 3036 1713 3097 quibus
1748 3049 1933 3095 semper

342 3136 442 3181 fere
477 3151 565 3182 ova
600 3151 871 3195 compressa
902 3134 1077 3192 iuveni,
1112 3133 1190 3179 hic
1221 3132 1331 3178 finis
1366 3138 1438 3177 est
1470 3129 1755 3190 propositus.
